3896 4984
173 359 176 366 ι
245 331 247 336 ψ
363 359 366 364 ,
444 314 511 424 γε
546 291 837 402 unnnrrv.
863 221 1810 432 nnnmsumsnnsonnnsucss

314 495 318 508 ’
456 499 666 586 commodior
682 500 823 587 ridetur,
853 521 952 600 quarn
971 493 1048 580 ttta,
1071 496 1292 595 quarantehar,
1306 489 1432 574 &ram
1447 491 1547 580 usne,
1560 493 1806 570 ubiceleritaffl

456 632 514 706 per
533 603 672 678 radicem
692 601 877 704 quadratum
899 623 939 672 etr
956 594 1192 679 altitudinibus,
1225 611 1282 696 p‘er
1295 615 1372 696 quas
1384 587 1480 696 grase
1496 595 1738 696 labendnpares
1751 623 1807 668 ac.

456 712 594 806 quirerer
616 703 809 786 celeritates,
840 693 1049 803 expresseram
1057 723 1069 790 3
1099 720 1199 800 quent
1216 701 1250 770 iu
1270 695 1370 771 linem
1390 699 1466 782 loeo
1487 697 1682 772 eeleritatum
1699 696 1807 772 altitu·

456 807 549 880 dines
570 803 644 902 ipfis
664 803 784 878 debitas
804 810 838 876 in
856 801 1015 877 calculum
1036 799 1288 876 introduxeram.
1345 801 1527 874 Vernmex
1539 797 1704 874 altitudine
1719 798 1807 874 cele-.-

456 913 537 978 ritati
558 903 661 986 debita
681 901 745 1004 ipsa
765 905 907 980 celeritas
927 921 1080 1002 nontam
1118 895 1257 1000 erspieue
1273 898 1494 1004 cognoscitur,
1520 896 1572 974 sed
1584 899 1804 1000 calculoquo·

456 1009 531 1080 dam
553 1031 634 1106 opus
656 1003 719 1092 eli,
749 1025 784 1078 ut
801 1004 840 1078 sd
862 999 1026 1093 mensuras
1047 927 1153 1076 solltas
1172 1002 1347 1078 reducatur.
1363 1001 1524 1076 ''Ueirrde
1539 1005 1634 1076 etiam
1650 1001 1810 1100 temporis

366 1177 368 1184 ,
455 1111 537 1186 ratio
557 1106 708 1207 peculiari
728 1105 851 1185 calculo
870 1125 963 1208 eget,
999 1131 1066 1204 quo
1080 1129 1165 1179 nova
1187 1106 1346 1278 rpraedrm
1360 1107 1510 1181 rmitasin
1524 1102 1682 1180 calculum
1698 1102 1808 1179 induci

422 1249 427 1254 ·
457 1207 569 1294 debet,
601 1229 635 1282 ut
655 1230 783 1310 tempus
802 1211 837 1282 iu
859 1199 1160 1282 minutis-secundis
1179 1211 1332 1282 e‘ciatur,
1388 1205 1460 1282 Has
1480 1231 1560 1310 ergo
1572 1205 1724 1307 autbages
1737 1225 1808 1286 tam
1836 1241 1842 1250 ·

455 1315 580 1382 ratione
605 1307 814 1384 eeleritatmn-
829 1332 928 1410 quam
954 1329 1142 1408 temporum
1170 1312 1296 1406 penitus
1314 1309 1522 1396 evitabimus,
1565 1301 1805 1408 fipraescriptis

458 1404 615 1496 mensuris
631 1431 776 1485 utamur:
801 1431 907 1488 totum
922 1431 1029 1484 autern
1044 1403 1214 1482 discrimen
1228 1413 1260 1480 in
1280 1413 1345 1485 hoe
1363 1408 1408 1484 ell
1429 1409 1592 1510 politum,
1621 1407 1711 1510 quoti
1730 1427 1807 1481 ante

457 1511 491 1582 in
504 1506 653 1589 snrrnulis
671 1511 869 1612 generalibus
889 1509 989 1584 littera
1004 1529 1029 1590 λ
1044 1503 1236 1583 fratlionem
1250 1506 1426 1583 absolutam
1441 1523 1464 1598 ἦ
1480 1508 1726 1610 fignificauerm
1752 1511 1806 1581 hic

456 1631 645 1710 etitem-pro
665 1641 702 1688 ea
722 1615 805 1690 tusa
819 1639 862 1686 ,τ
883 1638 931 1711 ag
948 1608 1109 1694 scribatur.
1165 1608 1264 1686 Unde
1283 1609 1392 1712 liquis
1405 1619 1548 1712 priotntn
1561 1611 1700 1688 ttrodtun
1715 1606 1811 1690 secu-

457 1729 508 1787 tus
528 1713 688 1786 calculum
709 1739 768 1816 pro
788 1720 944 1814 quopiam
965 1731 1059 1785 motu
1077 1700 1263 1785 definiendo
1276 1713 1458 1800 inllituerit,
1481 1718 1547 1803 ejus
1560 1709 1699 1785 calculus
1713 1705 1808 1800 facile

456 1811 497 1886 ad
517 1817 604 1888 hunc
625 1813 761 1888 modmn
782 1813 969 1910 reducetur,
1000 1811 1139 1912 indeque
1161 1811 1376 1911 promtillJnne
1393 1823 1518 1887 oinnes'
1533 1810 1702 1888 mensurae
1714 1805 1810 1884 abso·

454 1911 540 1989 lutae
566 1913 775 2010 innotescent.
795 1995 798 2002 ,
844 1917 936 1989 Hine
956 1919 1051 2006 etjam
1077 1911 1328 2012 bontogeneitas
1353 1941 1387 1989 tn
1406 1917 1648 2016 aequationibut
1671 1934 1806 1987 motutn

270 1995 295 2020 ”
404 2053 408 2070 ν
453 2005 744 2118 sotrrpletflentibus
763 2012 886 2090 facilins
904 2011 1111 2116 perspicimr,
1138 2039 1215 2091 cunr
1234 2021 1360 2090 tentum
1379 2013 1475 2118 spatia
1493 2013 1637 2116 percursa
1657 2014 1805 2090 etlinera

450 2141 479 2220 g
498 2113 559 2190 fint
575 2123 765 2220 quantitates
784 2117 919 2194 lineares
938 2139 970 2190 et
987 2113 1075 2218 quali
1098 2115 1442 2208 uniusdirnenssnnir,
1472 2121 1562 2212 enjus
1581 2121 1807 2219 generis-quos

391 2276 394 2284 .
453 2236 517 2318 que
536 2213 609 2295 suut
625 2218 817 2304 celeritates,
850 2215 874 2290 st
893 2209 978 2291 sorte
996 2223 1031 2290 iu
1045 2213 1205 2290 calculum
1221 2219 1478 2296 introducantur:
1503 2239 1647 2322 tempora
1661 2227 1803 2291 autemr

409 2465 417 2473 ,
451 2405 529 2456 nrm
546 2375 757 2458 frassiunibut
784 2343 866 2530 ..}.
892 2382 968 2460 huic
990 2377 1146 2458 fimilibus
1163 2388 1306 2461 numeris
1319 2371 1470 2462 absolutis
1484 2375 1720 2490 exprimantur,
1744 2381 1806 2482 qui

451 2551 582 2644 nullam,
597 2553 837 2632 dimensionem
857 2554 1048 2632 constituere
1071 2551 1146 2634 sunt
1166 2555 1326 2641 censendi,
1393 2559 1432 2636 ln
1456 2557 1579 2636 calculo
1597 2579 1725 2644 autem,
1760 2553 1804 2632 ad

450 2655 590 2734 notum
610 2676 684 2730 ante
701 2651 889 2758 usurpatum
907 2657 1072 2743 instituto,
1109 2680 1176 2734 tam
1196 2662 1369 2738 celeritates
1388 2689 1487 2762 quam
1509 2682 1658 2762 tempusa
1679 2685 1733 2758 per
1751 2685 1809 2739 ra-

448 2753 535 2838 dices
553 2757 718 2860 quadratas
737 2782 776 2834 err
795 2760 1021 2862 quantitatibus
1040 2759 1211 2838 linearibus
1231 2763 1508 2864 exprimebantur,
1544 2789 1628 2864 qnae
1648 2761 1731 2836 adeo
1749 2761 1802 2836 di·

449 2855 588 2932 midiam
609 2879 734 2934 tautum
761 2857 998 2935 dimensionem
1022 2861 1212 2940 cunllittrere
1239 2861 1311 2940 sunt
1329 2857 1549 2940 existimanda.
1617 2861 1800 2962 Repudiato

450 2963 529 3060 drgo
542 2957 616 3032 isto
634 2955 791 3062 superiori
810 2961 914 3036 modo
934 2961 978 3036 ad
995 2959 1157 3038 mensuras
1176 2961 1332 3038 absolutas
1354 2959 1556 3064 perveniendi
1572 2969 1659 3038 bunc
1672 2955 1801 3036 nornen

211 3067 218 3073 '
309 3111 312 3114 -
448 3059 588 3132 modum
610 3079 720 3159 utpote
741 3061 846 3134 multo
868 3059 1048 3139 faciliorem
1068 3085 1100 3138 et
1118 3063 1349 3168 simpliciorem
1368 3068 1624 3170 ampledlamur,
1655 3087 1686 3142 et
1705 3059 1799 3140 inse·

472 3159 619 3232 uentibus
633 3159 813 3238 cuussmter
829 3171 1035 3244 retineamus.

447 3184 1799 3506 L--*÷ssessffi==ss=ag=z=b

446 3732 515 3818 nu
538 3735 699 3822 storo
727 3733 1014 3826 Ansonnro
1041 3743 1511 3828 conrnsemonun
1535 3743 1576 3828 A
1600 3743 1819 3828 urruns·

752 3840 1169 3953 ournnscunoun
1197 3845 1483 3930 neronum

816 3979 1425 4053 πῶἶβ--ΜἯ

627 4137 756 4148 ··-
844 4109 1394 4222 PRQBLEMAn

451 4285 457 4292 ·
545 4283 628 4358 205.
654 4203 705 4350 Si
722 4267 948 4372 corpusculum
967 4303 986 4350 a
1004 4279 1125 4354 viribus
1142 4284 1183 4364 ita
1202 4275 1407 4363 sollieitetur,
1439 4297 1476 4354 ut
1495 4297 1627 4354 motum
1646 4275 1742 4353 sunm
1756 4284 1795 4354 in

442 4361 559 4440 eodem
577 4366 676 4467 plano
694 4369 855 4456 absolvat,
883 4373 1019 4452 definire
1036 4399 1103 4456 tarn
1124 4377 1259 4482 spatium
1277 4375 1485 4483 percursam,
1517 4407 1616 4484 qnam
1631 4379 1671 4454 td
1685 4379 1796 4482 quotl-
1926 4419 1928 4434 ·

439 4471 628 4571 vistenrptis
641 4477 709 4568 ejus
727 4473 1105 4572 locumetceleritatent,
1440 4526 1444 4537 .
1532 4591 1538 4598 .
1640 4532 1794 4609 SOLU,

1709 4705 1715 4718 Ι

1927 4281 1929 4403 l

1926 4439 1928 4561 l

1916 4891 1925 4963 1
