3898 4990
616 253 1035 389 PRAEFATIO.

124 465 425 614 'ventae‘r'ant'
476 485 604 598 'Quae
620 507 759 578 autern
775 490 890 610 supra
903 497 982 584 vix
1001 499 1144 614 attingi
1160 525 1369 627 poterant,
1400 549 1499 613 cum
1564 613 1569 620 .

153 629 477 748 corpusinsuper
494 664 518 719 a
533 637 688 722 viribus
709 629 1024 758 quibuscunque
1046 643 1296 763 sollicitatur,
1325 659 1390 748 bic
1408 675 1497 782 pari

150 775 345 867 facilitate
360 782 591 896 eodemque
605 780 745 906 labore
759 784 932 874 feliciter
944 789 1245 909 expediuntur,
1276 804 1333 890 ita
1354 828 1400 894 ut
1419 810 1496 900 hac

149 953 261 1015 nova
277 927 471 1016 methodo
488 960 512 1016 a
528 935 669 1046 primis
683 953 822 1057 motos
836 939 1043 1052 principiis
1062 939 1244 1034 derivata
1265 953 1497 1049 universnm

149 1071 348 1162 theoriam
362 1099 501 1165 motus
517 1107 739 1195 corporum
748 1081 973 1197 rigidorum
986 1088 1390 1203 perfedtecondidille
1401 1133 1497 1193 oen·
1567 1131 1571 1138 ·

15 1311 16 1332 ἢ
148 1218 294 1310 sendus
308 1223 353 1310 fit
366 1252 707 1318 cannucuon.
766 1225 955 1342 Accedit,
986 1237 1099 1351 quod
1113 1237 1195 1354 ipsa
1209 1239 1312 1331 baec
1324 1231 1438 1338 nova
1450 1269 1497 1341 et

15 2337 19 2512 ἶ

146 1369 381 1482 universalis
397 1373 519 1486 buJus
536 1375 801 1491 problematis
822 1377 965 1467 solutio
984 1383 1285 1498 formularum,
1304 1419 1412 1508 quae
1433 1397 1495 1487 su·

146 1520 297 1631 periuri
309 1521 506 1607 methodo
519 1523 831 1638 quodammodo
844 1525 980 1638 dubia,
993 1527 1133 1659 saltem
1147 1563 1231 1624 non
1240 1539 1493 1654 prorsusevi-

146 1662 278 1773 denti,
326 1669 582 1778 nitebantur,
629 1675 846 1760 veritatem
869 1673 1090 1790 pleniffime
1114 1683 1351 1798 confirmet,
1394 1717 1492 1784 cum
1575 1693 1583 1702 „
1686 1699 1690 1708 ,

144 1839 294 1912 omnes
306 1813 403 1900 istae
417 1815 622 1902 formulae
637 1819 723 1929 jam
738 1845 796 1905 ex
807 1821 1020 1908 universali
1036 1823 1232 1914 solutione
1251 1833 1490 1950 corollario·
1527 1808 1530 1818 Ι
1591 1895 1595 1900 -

139 1987 243 2045 rum
274 1959 397 2045 instar
418 1960 721 2077 nullonegotio'
737 1961 986 2053 deriventur.
1053 1967 1168 2056 Cum
1193 1973 1370 2090 denique
1389 1983 1492 2074 baec
1577 2017 1581 2019 ·

138 2115 363 2221 praecepti
381 2131 588 2223 promotu
608 2135 833 2224 corporum
853 2109 1081 2223 rigidorum
1100 2113 1415 2212 determinando
1434 2127 1493 2216 lu÷

140 2251 288 2342 tiffime·
307 2275 496 2370 pateant,
530 2283 579 2341 ea
598 2283 691 2370 uon·
704 2257 756 2342 ad
778 2267 941 2345 motum
959 2254 1134 2346 liberum
1156 2261 1284 2352 solum
1302 2269 1501 2384 adstridla,
1573 2295 1581 2309 ·

141 2400 243 2490 suot·
313 2401 707 2518 Quomodoeunque
727 2405 837 2490 enim
858 2429 1081 2520 corporum
1099 2411 1329 2524 rigidomm
1348 2441 1489 2512 motus

144 2547 425 2666 compemtur,
451 2549 535 2640 five
549 2549 665 2666 lupar
680 2549 804 2666 plano
817 2549 1020 2666 quodam,
1051 2552 1133 2644 live
1152 2561 1274 2670 juxta
1294 2561 1489 2657 aliacor·
1532 2595 1537 2602 ·

145 2713 242 2815 pora
264 2696 456 2792 incedere
477 2717 703 2812 cogantur,
750 2697 834 2786 five
855 2697 1082 2814 quodpiam
1097 2703 1257 2795 'eorum
1288 2711 1488 2824 puniimn

143 2849 276 2936 fixum
291 2819 532 2958 retineatur,
561 2843 745 2962 quaestio
764 2841 920 2961 semper
938 2843 992 2934 ad
1012 2847 1163 2938 tradita
1181 2863 1403 2974 praecepta
1421 2891 1487 2950 re·
1605 2919 1607 2922 -

142 2985 405 3114 ducipotell.
483 3015 496 3024 ”
827 3011 886 3057 “³
999 3009 1049 3050 ·'

199 3117 204 3122 ⁵
253 3141 322 3232 lid
337 3139 550 3258 utriusque
564 3133 687 3257 igitur
700 3141 862 3260 generis
875 3163 1032 3256 motus,
1061 3165 1146 3235 taor
1159 3137 1322 3261 liberos,
1355 3183 1485 3273 quam

140 3290 341 3381 rellritlos
354 3293 395 3374 in
411 3285 892 3407 sequentibusCapitibus
906 3294 958 3379 ab
970 3279 1207 3384 auctores
1225 3303 1362 3390 nostro
1373 3304 1483 3395 faita

138 3441 195 3527 est
210 3436 441 3556 applicatio,
479 3435 740 3526 ·Gravill1ma
758 3440 847 3552 ejus
867 3443 1028 3554 generis
1050 3445 1251 3558 quaestio,
1288 3479 1372 3565 qua
1389 3475 1482 3540 cor-2
1580 3527 1587 3530 .
1679 3511 1680 3514 κ

138 3617 215 3704 pus
224 3607 341 3672 motu
351 3581 492 3692 libero,
500 3573 585 3672 tam
599 3581 861 3701 progrellivo,
870 3595 1224 3704 quamgyratorio,
1233 3597 1343 3684 circa
1351 3599 1480 3688 a'xem

139 3734 379 3826 variabilem
391 3733 519 3819 latum
534 3761 559 3818 a
572 3733 728 3834 viribus
741 3735 926 3845 extemis
939 3732 1184 3852 sollicitatur,
1193 3747 1302 3844 circa
1316 3767 1479 3836 motum

132 3886 346 4000 ‚vertiginis
360 3907 583 3994 corporum
597 3861 832 3967 coelestium
844 3879 1040 3977 versatur.
1108 3885 1218 3974 Eam
1233 3892 1287 3978 ob
1300 3893 1479 3985 caulium
1588 3955 1590 3963 ·

138 4031 214 4118 hoc
234 4050 522 4152 argumentum
543 4029 585 4112 in
606 4025 708 4142 Cap.
731 4025 849 4126 Xlll.
869 4033 1173 4142 generatimita
1196 4040 1478 4157 pertradiatur,

15 4163 16 4222 l
136 4183 235 4268 utin
250 4177 563 4280 Astronomiam
575 4171 797 4260 iude-haud
816 4177 1120 4291 contemnenda
1140 4184 1480 4275 incrementare·

888 4319 1032 4432 (¹2.
1372 4329 1480 4418 dun-1
