3896 4984
140 287 223 378 ors
236 251 446 382 causis
460 289 668 384 noros
682 289 984 388 axrunms
999 293 1113 397 sau
1127 232 1381 400 ursinus.
1398 273 1458 423 {⁶7
1492 262 1501 274 “

115 485 291 586 plicatum.
345 490 465 576 Quane
493 486 586 562 nullo
604 486 706 564 modo
726 489 867 568 dubitate
887 493 976 582 lieet,
1007 501 1094 598 quin
1114 497 1180 572 huc
1199 505 1389 602 principium
1408 513 1455 582 irs

115 607 159 659 ter
175 594 319 662 verirntes
342 581 523 664 trecellarius
536 587 573 661 stt
587 589 809 667 relerendurn.'
849 601 956 695 'litque
969 625 1039 670 non
1052 594 1158 676 solum
1173 595 1267 699 super
1278 625 1376 688 terra,
1400 610 1457 681 uisi

114 691 178 775 ejus
194 697 359 762 ueritatem
373 695 609 788 ‘experimentis
631 695 841 791 comprobare
860 696 952 779 licet,
981 695 1035 770 sed
1056 704 1151 772 etiarn
1172 705 1204 770 in
1227 699 1359 800 planetis
1379 732 1456 778 curt·

113 789 229 898 disque
242 790 323 868 adeo
336 791 525 888 corporibus
539 789 727 865 coelellibns
739 793 887 868 audacter
899 804 1111 896 pronunciare
1126 795 1311 898 polluntur,
1337 791 1469 878 omnes

114 913 237 972 motus,
272 896 455 990 quicunqne
474 891 517 962 ibi
535 885 670 980 suerint,
696 918 753 992 per
770 899 843 968 hoc
854 901 987 974 unicum
1002 903 1194 999 principium
1209 901 1302 1004 dirigi
1316 929 1354 978 ac
1368 925 1454 980 tutti-i

112 1001 222 1091 petati.
285 989 436 1080 Quaellio
456 1011 564 1064 autern
591 995 669 1066 haec
687 995 727 1068 de
747 995 926 1072 necessitate
946 1022 977 1072 ct
996 1006 1214 1100 contingentia
1234 1023 1391 1077 nontam
1411 1007 1453 1081 de

114 1091 169 1164 illo
183 1096 359 1193 principio,
385 1119 484 1193 quam
501 1089 542 1165 de
556 1093 679 1194 aliquot
691 1094 758 1169 aliis
771 1098 910 1196 regulis,
934 1127 1017 1200 quac
1029 1097 1085 1174 sub
1098 1108 1234 1175 nomine
1247 1103 1359 1204 legum
1373 1131 1453 1192 naq»

113 1213 157 1266 tus
172 1189 464 1278 circumferuntur,
496 1204 620 1266 moveri
640 1193 730 1276 solet.
786 1199 910 1272 Verum
923 1221 1080 1300 quatenus
1096 1205 1155 1276 hae
1167 1202 1254 1304 leges
1268 1210 1326 1278 rite
1339 1230 1378 1278 ex
1391 1232 1451 1280 uo·

113 1291 172 1366 llro
197 1298 353 1393 principio
373 1290 627 1394 consequuntur,
662 1323 763 1402 aeque
778 1319 871 1374 crunt
888 1325 948 1400 pro
970 1297 1144 1376 necelsariis
1157 1299 1337 1379 habendae:
1370 1331 1453 1406 qnae

21 1491 22 1494 Ἴ
112 1391 221 1468 deinde
240 1393 279 1465 ad
300 1417 381 1472 certa
400 1421 574 1494 corporum
594 1423 728 1498 genera,
759 1401 855 1474 veluti
878 1401 1021 1482 elallicn3
1054 1402 1267 1490 uenerantes,
1299 1425 1331 1478 et
1351 1402 1452 1480 fluida

113 1495 338 1594 astringuntur,
369 1523 425 1570 eae
443 1494 596 1570 concell'rs
616 1498 935 1601 talibus-corporibus
960 1509 1077 1603 paritet
1096 1529 1165 1578 non
1183 1521 1276 1580 verae
1294 1499 1358 1582 elle
1378 1515 1453 1584 'trois

111 1591 252 1696 pellunt,
281 1595 469 1676 dummodo
484 1622 524 1672 ex
536 1597 647 1673 nollro
659 1606 817 1702 principio
831 1603 915 1681 tede
928 1601 988 1678 smt
1000 1603 1168 1698 dedudlaa
1289 1609 1292 1615 ’
1490 1625 1492 1630 ’

528 1848 1034 1950 SCHOLIOMp
1344 1807 1443 1920 ’Ἃ

211 2001 294 2085 178.
325 1988 362 2060 ln
382 1982 595 2086 superioribus
615 1986 866 2070 deMechanica
888 1990 990 2078 Libris
1010 1987 1160 2092 equidem
1181 1993 1335 2092 principia
1355 1993 1449 2082 liuius
1520 2071 1523 2076 ,
1606 1985 1609 1990 ’
1663 1971 1667 1979 ⁴

106 2085 250 2164 scientiae
269 2095 331 2180 jam
352 2094 392 2158 ita
411 2085 658 2168 conllitucrarn,'
695 2109 731 2160 ut
754 2115 868 2162 eornm
889 2089 1045 2162 certitudo
1066 2109 1308 2164 extraomnem
1327 2091 1448 2184 dubita·

107 2196 228 2264 tionem
249 2184 327 2278 ellet,
342 2186 461 2286 polita,
491 2191 544 2261 hic
564 2209 671 2262 autern
692 2184 793 2260 visum
809 2185 871 2274 ell,
898 2189 1013 2263 caelio
1034 2189 1138 2262 modo
1151 2215 1190 2263 es
1205 2211 1315 2266 natura
1329 2219 1448 2302 corpo·

107 2317 177 2364 rum
205 2295 378 2364 accuratius
402 2285 553 2389 perpensa
578 2287 737 2376 derivare,
767 2311 863 2388 atque
882 2288 1068 2364 adonicum
1085 2295 1184 2389 princi
1209 2296 1280 2364 ium
1295 2289 1448 2375 derivare,
1534 2377 1540 2386 ι

18 2387 21 2426 ³
107 2417 143 2468 ex
161 2419 229 2493 quo
250 2389 400 2489 deinceps
420 2396 532 2462 omnia
553 2398 634 2491 q'uae
653 2389 692 2462 ad
712 2411 841 2464 motum
860 2395 1020 2492 pertinent
1038 2387 1161 2464 facilius
1180 2319 1294 2465 deduci
1307 2386 1476 2494 pollent„

107 2495 296 2594 Quanquam
316 2489 426 2565 aute'tn
446 2495 576 2576 onmia,
614 2515 696 2591 qnae
723 2490 763 2563 ad
789 2513 919 2564 motum
941 2488 1208 2592 corpusculorum
1230 2489 1359 2568 infinite
1378 2519 1447 2594 pars
1591 2519 1604 2545 ⁰

18 2655 20 2674 s
107 2619 219 2666 uorum
239 2590 293 2666 seu
312 2593 402 2692 quast
423 2593 618 2690 pundlorum
638 2589 795 2693 spedlant,
829 2594 871 2664 ibi
891 2597 954 2684 jam
972 2587 1072 2664 fufius
1091 2587 1161 2664 smn
1177 2587 1375 2690 persecutus,
1401 2613 1446 2666 ta·

18 2729 19 2742 ³
105 2721 179 2770 men
197 2693 482 2795 quemadmodum
499 2691 612 2770 eadem
633 2719 673 2766 ex
697 2693 759 2764 isto
778 2697 875 2766 unico
893 2697 1051 2792 principio
1073 2689 1133 2764 first
1153 2690 1342 2789 repetenda,
1375 2694 1448 2768 bre·

18 2841 19 2864 t
104 2802 179 2870 viter
190 2786 366 2896 exposuiss'e
378 2793 518 2886 juvabit,
540 2820 622 2894 quae
636 2793 767 2894 quidem
781 2799 821 2866 ita
859 2793 1054 2876 erttas‘labo,
1079 2811 1115 2865 ut
1130 2798 1179 2864 via
1190 2791 1229 2886 ad
1246 2812 1356 2864 motus
1375 2815 1446 2864 cor·

105 2922 220 2996 porum
245 2895 414 2970 finitorum
439 2889 622 2968 scrutandos
647 2896 773 2996 planior
791 2821 948 2972 reddatur.
1016 2895 1179 2993 Imprimis
1199 2914 1326 2980 autem,
1357 2917 1455 2966 cum·

18 3021 20 3032 ’
102 3001 154 3070 liic
174 3018 300 3071 tantum
319 3003 477 3072 rationem
499 2991 552 3068 sert
571 2994 904 3096 proportionalitatem
925 3001 1007 3068 inter
1024 2989 1157 3067 diuersas
1179 2999 1368 3094 quantitates
1382 3017 1445 3065 no·

103 3106 202 3172 titiam
225 3123 334 3172 strutus
360 3095 592 3200 ingredientes,
632 3123 714 3198 quae
740 3122 798 3196 per
821 3091 852 3168 se
870 3089 942 3168 sunt
964 3097 1196 3196 heterogenae,
1230 3091 1446 3188 definiverint,

103 3228 181 3302 quae
199 3199 241 3274 ad
266 3193 429 3280 mensuras
453 3192 610 3280 absolutas
629 3204 768 3272 revocari
795 3219 977 3298 nequeunt,
1013 3194 1074 3270 nist
1097 3214 1207 3270 motus
1224 3195 1357 3296 quidam
1383 3217 1444 3294 pto

102 3311 234 3404 cognito
254 3295 454 3398 effrenatur}
479 3302 530 3371 lric
547 3293 826 3378 omninonecellc
847 3295 908 3386 est,
933 3315 1005 3372 ante
1029 3323 1103 3370 uam
1120 3295 1249 3370 ulterius
1264 3293 1460 3396 progrediq-

101 3431 192 3486 mur,
217 3397 525 3504 motumquendapr
542 3389 730 3500 cognitum,
755 3399 936 3490 cujusmodi
956 3324 1118 3498 elllapsus
1128 3401 1297 3498 gravium,
1320 3393 1444 3484 iludiog·

99 3502 345 3586 tiasensium,
377 3495 516 3602 indeque
536 3498 697 3596 mensuras
714 3498 1036 3584 absolutasllabilire,
1060 3499 1175 3600 quibus
1187 3497 1337 3594 deinceps
1351 3519 1447 3582 conr-

101 3609 199 3681 nmde
220 3613 264 3678 uti
279 3629 448 3704 queamus.
478 3673 486 3694 ,⁶
497 3597 564 3674 Etsi
581 3629 657 3678 vero
670 3595 819 3692 allumtio
835 3601 904 3675 talis
919 3623 1029 3674 motus
1042 3599 1081 3671 nb
1094 3599 1222 3670 arbitrio
1235 3591 1349 3682 nostro
1367 3619 1445 3692 pen:-
1526 3683 1527 3686 Ἴ
1621 3669 1627 3696 ι

101 3709 170 3790 det,
199 3707 287 3782 etad
308 3709 537 3803 experientiam
558 3701 741 3793 deducitur,
771 3721 880 3778 tartre'n
906 3706 981 3776 hinc
995 3695 1166 3774 neceffitati
1184 3699 1329 3795 principii
1343 3693 1461 3801 uollri¹
1497 3785 1501 3792 ‚

100 3811 179 3884 nihil
195 3808 388 3888 detrahitur,
420 3831 497 3876 cum
518 3805 716 3890 arbitrarium
728 3823 865 3887 tantum,
879 3799 911 3876 se
930 3801 969 3876 ad
984 3795 1148 3874 mensurus
1167 3791 1322 3885 absolutas
1335 3815 1445 3900 exten:

101 3906 168 4004 dat,
190 3915 314 4013 haeque
333 3905 374 3980 ab
386 3901 562 3982 unirnibus
578 3911 668 3981 certis
683 3911 823 3980 omnino
833 3903 1000 3979 arbitran'is
1014 3897 1187 4003 pendeant.
1215 3907 1217 3912 ’
1307 3963 1311 3969 .
1386 3891 1434 3996 ’Μ
1467 3973 1471 3980 ,
