3898 4990
623 327 1043 424 enarrarre.
1110 309 1112 316 ’

157 545 390 628 mentanea
390 555 475 614 non
490 547 649 616 tantum
664 533 706 616 in
719 557 804 618 axe
815 535 1042 646 gyratrorns
1052 551 1093 620 et
1101 521 1307 627 celeritate
1320 547 1506 662 angulari
1536 581 1538 588 ’

153 671 1127 822 producimsedetinfituturbinisrespeiiuspatii
1141 685 1412 780 absolutiorta
1417 725 1506 811 ge-

152 823 309 910 neralis
318 823 459 912 solutio
474 823 741 940 problematis
757 805 936 914 demotu
946 829 1071 924 etfitu
1080 835 1254 922 turbinis
1262 837 1315 922 ad
1321 842 1503 958 quodvis
1533 888 1537 908 ·

150 993 316 1106 tempus
337 971 570 1086 affignando
594 995 793 1084 tentatur,
821 977 890 1061 ubi
912 982 1181 1066 veroiterum
1204 981 1311 1071 adeo
1334 989 1506 1106 compli-
1530 1001 1532 1006 ’
1593 1005 1600 1026 “

151 1143 267 1207 carae
281 1120 485 1236 prodeunt
500 1123 767 1244 aequationes
777 1121 1082 1242 differentiales,
1106 1149 1152 1214 ut
1166 1157 1311 1218 earum
1324 1137 1504 1252 integra-

15 1339 17 1370 ,
148 1271 209 1353 tio
224 1297 300 1356 nec
315 1267 543 1382 algebraice
558 1297 635 1354 nec
656 1297 732 1384 per
750 1269 1020 1384 logarithmos
1040 1271 1110 1364 vel
1132 1305 1253 1366 arcus
1279 1283 1509 1388 circulares,
1564 1295 1565 1300 ‘

150 1415 337 1531 expediri
352 1413 479 1531 poffit.
535 1415 878 1531 Longemajores
894 1421 1137 1535 praevidere
1152 1404 1313 1539 poterat
1331 1429 1502 1534 difficul-

147 1582 255 1648 tates
272 1586 378 1650 σει.
396 1588 617 1669 aucuon,
631 1563 660 1648 fi
676 1566 717 1648 in
734 1568 894 1652 turbine
909 1582 994 1653 non
1009 1574 1150 1657 omnia
1165 1598 1379 1664 momenta
1392 1582 1500 1697 inter

146 1705 184 1795 se
199 1708 387 1826 aequalia
406 1709 696 1819 statuerentur,
724 1737 851 1824 quare
865 1713 907 1800 id
928 1731 1221 1830 argumentum
1238 1725 1424 1814 nondum
1438 1749 1500 1816 at-
1584 1773 1592 1794 ·

145 1859 280 1984 tIngit,
311 1854 376 1940 sed
391 1858 528 1972 potius
540 1851 667 1970 ipsam
683 1857 886 1943 theoriam
901 1861 1138 1971 generalem
1152 1867 1207 1952 de
1220 1894 1337 1958 motu
1352 1905 1500 1992 corpo-
1639 1955 1642 1963 ,
1675 1947 1679 1956 .

141 2029 245 2088 rum
258 2001 485 2116 rigidorum
500 2029 524 2086 a
538 2003 696 2090 viribus
710 2004 1024 2120 quibuscunque
1040 2005 1347 2102 sollicitatorum
1359 2020 1498 2110 denuo

143 2147 402 2250 tractandam
416 2145 587 2263 suscipit,
611 2147 836 2263 etquidem
851 2150 1051 2239 methodo
1064 2157 1227 2270 prorsus
1240 2191 1365 2276 nova,
1389 2170 1499 2282 prio-

144 2325 190 2384 re
202 2295 326 2411 longe
340 2294 582 2412 perfectiore
597 2296 640 2380 e't
655 2294 708 2380 ad
722 2293 838 2382 usum
859 2302 992 2413 magis
1016 2308 1368 2398 accommodata
1405 2313 1499 2404 Me-

145 2441 320 2534 thodu'm
335 2441 437 2559 Cap.
451 2441 531 2532 lx.
544 2462 587 2528 et
602 2441 912 2559 X.,expofitam'
922 2451 1043 2536 nimis
1058 2450 1135 2538 effe
1152 2457 1364 2572 operosam
1380 2487 1504 2551 com··

146 2611 286 2710 pertus
301 2591 358 2678 est
374 2619 479 2679 can.
497 2615 725 2700 accron,
767 2573 913 2689 fiinde
936 2593 1107 2686 effecius
1122 2603 1273 2691 virium
1297 2631 1495 2722 quarum·
1545 2597 1548 2603 ’

150 2769 313 2858 cunque
326 2739 372 2826 srt
388 2737 657 2849 definiendus,
686 2736 786 2825 dum
803 2742 937 2856 primo
953 2747 1069 2853 axis,
1104 2750 1214 2836 circa
1236 2781 1363 2868 quem
1383 2759 1494 2846 vires
1557 2731 1578 2762 ”

148 2915 311 3005 corpus,
338 2883 623 3001 siquiesceret,
648 2909 893 2975 convertere
908 2891 1154 3008 inciperent,
1184 2897 1361 3012 definio,
1402 2924 1493 2993 tum

146 3065 247 3125 vero
259 3036 356 3137 hinc
370 3035 544 3162 yenatio
557 3033 664 3140 axis,
680 3037 802 3120 circa
817 3063 944 3150 quem
958 3067 1110 3155 corpus
1124 3021 1225 3131 actu*
1231 3069 1421 3161 gyratur,
1451 3075 1495 3139 et

147 3185 334 3272 celeritas
355 3177 561 3296 angularis
583 3179 846 3310 determinari
876 3161 1078 3300 oporteat.
1149 3191 1305 3310 Negari
1324 3225 1492 3316 quoque
1579 3175 1582 3184 ¹

146 3361 226 3420 non
242 3331 394 3449 potest,
419 3325 588 3444 necipfe
605 3353 755 3418 cuna.
773 3355 980 3420 accron
999 3333 1206 3450 diffitetur,
1237 3343 1490 3456 methodum,
1596 3448 1599 3454 ,

146 3509 227 3597 qua
247 3479 351 3594 Cap.
372 3477 428 3567 X·
448 3496 765 3594 momentaneae
784 3481 879 3566 axis
901 3485 1149 3590 mutationes
1171 3484 1406 3602 eliciuntur,
1440 3523 1492 3582 ea
1588 3503 1593 3518 “
1770 3483 1776 3490 ’

143 3623 427 3742 congaudere
447 3621 671 3735 evidentia,
699 3645 746 3710 ut
767 3627 820 3712 ab
841 3629 1036 3723 omnibus
1059 3631 1194 3736 dubiis
1216 3633 1272 3722 sat
1293 3641 1490 3756 expedite

143 3771 306 3863 liberari
317 3791 456 3888 queat,
469 3799 594 3886 quam
603 3771 717 3882 Artis
734 3777 852 3888 periti
867 3797 1011 3863 contra
1026 3780 1202 3868 eandem
1217 3811 1388 3876 movere
1404 3791 1490 3906 pos-

144 3923 256 4010 sent.1
296 3920 377 4015 His
402 3920 508 4009 adeo
527 3922 845 4034 praegnantibus
867 3927 1095 4016 rationibus
1113 3956 1349 4024 commotus
1373 3941 1489 4054 inge·

145 4069 380 4159 nioliffimus
394 4066 726 4156 auctoritatem
741 4067 954 4181 problema
970 4071 1232 4192 inCap.XV.
1245 4087 1356 4198 quod
1370 4090 1411 4170 in
1426 4091 1484 4174 in·
1573 4116 1575 4120 ’
1628 4195 1630 4206 ,
1686 4031 1696 4039 ι

146 4239 261 4338 tegro
275 4245 403 4335 opere
417 4215 473 4303 est
482 4218 668 4303 maxime
682 4234 826 4302 notatu
840 4217 1024 4332 dignum,
1046 4220 1098 4310 de
1111 4253 1223 4318 novo
1237 4235 1485 4346 pertractare

914 4365 942 4452 d
1336 4375 1481 4488 voluit,
