3898 4990
823 233 826 242 ’
901 184 1321 321 enarratio,

445 435 566 545 cipue
582 422 717 550 capita
733 415 972 511 {uccinAius
988 445 1221 534 exponam,
1245 448 1355 536 quae
1369 418 1510 513 lesiori
1530 401 1575 515 in
1589 425 1795 526 evolven-
1885 457 1888 464 ·

448 576 505 663 do
521 575 598 660 hoc
612 570 757 683 scripto
774 595 823 654 ac
837 567 1144 677 ratiociniorum
1169 565 1239 650 silo
1260 565 1494 683 detegendo
1515 577 1628 666 utilia
1651 579 1727 670 esse
1749 613 1800 671 ac

360 805 365 813 .
451 699 621 837 operam
637 715 846 804 sublevare
860 709 968 826 posse
988 709 1088 797 mihi
1110 709 1191 798 viia
1212 711 1310 797 sunt.
1341 689 1344 696 ¹

574 863 772 976 Corporis
794 859 932 945 finitae
949 857 1200 944 extenfionis
1218 877 1357 948 motus
1375 891 1457 950 non
1477 869 1701 985 innotescit,
1731 879 1803 964 nisr

453 1010 701 1127 singularum
722 1007 842 1122 ipsius
866 1004 1162 1120 particularum
1188 1029 1305 1092 motu
1327 1007 1612 1102 determinato.
1678 1019 1800 1107 Haec
1934 1065 1938 1074 =

452 1157 586 1248 caussa
607 1155 682 1266 est,
712 1183 787 1240 cur
808 1155 1005 1269 principia
1026 1173 1166 1239 motus
1189 1181 1431 1268 corporum,
1459 1179 1506 1244 ut
1526 1161 1676 1276 pontia
1700 1195 1798 1251 con.
1819 1255 1824 1264 Ι

453 1307 721 1395 sideratorum
735 1357 755 1411 ,·
780 1295 1050 1389 abstrahendo
1072 1300 1125 1384 ab
1146 1299 1375 1387 eorundem
1396 1299 1659 1418 extenfione,¹
1688 1313 1800 1426 prius

452 1457 528 1543 fint
540 1447 794 1556 stabilienda,
823 1474 949 1560 quam
964 1449 1174 1559 negotium
1190 1444 1301 1562 leges
1317 1472 1455 1537 motus
1476 1482 1698 1570 corporum
1714 1457 1802 1546 sini·
1940 1447 1941 1452 Ν

418 1687 424 1700 ,
454 1621 521 1688 tae
536 1595 828 1711 magnitudinis
845 1591 1067 1682 evolvendi
1081 1590 1217 1708 suscipi
1232 1616 1368 1708 queat.
1409 1595 1632 1714 Explicata
1646 1603 1802 1715 jamest
1892 1587 1893 1591 Ν
1941 1603 1942 1614 '

453 1747 611 1834 theoria
628 1742 679 1828 de
694 1757 813 1828 motu
829 1739 1075 1854 punsiorum
1092 1769 1116 1825 a
1133 1769 1238 1828 cut.
1256 1740 1468 1832 Eununo
1494 1749 1536 1832 in
1556 1749 1804 1839 Methanicaa

373 1939 375 1945 ·
443 1885 1434 2006 finetnotrtssrientiaaanalyticaexpofitueTomol.
1450 1895 1557 1980 etll.
1572 1885 1804 2014 quo'dopus

286 2055 290 2060 '
408 2103 411 2107 -
454 2035 783 2128 absolutiffimum
805 2035 855 2157 A.
882 2033 997 2144 1736.
1031 2031 1244 2144 Petropoli
1266 2063 1324 2123 ex
1347 2041 1617 2150 typographia
1639 2045 1806 2132 Acade-

175 2184 178 2200 '
453 2191 563 2274 miae
576 2184 833 2268 scientiarum
847 2176 1005 2290 prodiit.
1026 2173 1272 2262 Promiserat
1288 2175 1404 2266 fimus
1421 2205 1570 2266 ctnn.
1582 2203 1804 2296 Aucuon,

456 2331 572 2446 operi
585 2327 679 2412 huic
692 2317 1157 2437 subjungerenauatum
1173 2319 1580 2440 demotuoorporum
1593 2327 1804 2420 finitorum
1907 2429 1914 2436 ,

422 2539 430 2552 ·
459 2500 501 2567 et
515 2461 650 2594 primo
667 2473 832 2588 quidem
850 2469 1096 2583 rigidorurn,
1126 2473 1215 2584 pari
1234 2467 1434 2556 methodo
1454 2469 1803 2604 conscribendum.
1942 2573 1943 2576 w

352 2729 354 2734 ¹
455 2629 523 2716 Ac
538 2621 719 2740 licethoc
731 2637 1020 2732 argumentum
1035 2637 1122 2701 tam
1137 2615 1364 2704 arduumet
1376 2620 1550 2706 antehac
1563 2643 1846 2740 tamparum¹

456 2755 676 2862 trasiaturu
688 2769 889 2856 'maximis
903 2762 1159 2879 implicatum
1171 2763 1380 2853 invenisset
1395 2765 1720 2873 difficultatibus;
1745 2773 1804 2859 fe-

314 2953 318 2962 ·
454 2921 523 3009 lici
534 2941 673 3006 tamen
690 2911 863 3003 successu
876 2909 1044 2999 tandem
1058 2914 1198 2997 omnia
1216 2913 1617 3029 vicitimpedimenta
1631 2947 1805 3036 acpror⁴

379 3163 384 3172 ,
457 3067 520 3156 sus
535 3061 690 3154 novaui
704 3061 790 3150 fere
805 3059 1035 3147 elaboravit
1048 3055 1266 3168 scientiam,
1283 3063 1401 3172 cujus
1417 3067 1628 3178 principia,
1646 3066 1804 3182 qualia·

458 3242 620 3329 cunque
634 3211 729 3297 licet
750 3231 871 3295 antea
890 3207 1043 3296 suerint
1065 3209 1249 3321 cognita,
1279 3207 1333 3292 ad
1355 3229 1513 3295 tantam
1535 3213 1589 3297 ab
1607 3184 1802 3331 ipsopro-

458 3359 668 3452 motasunt
682 3352 1039 3463 universalitatem,
1054 3351 1206 3438 utnihil
1220 3353 1394 3468 amplius
1405 3359 1446 3440 in
1458 3355 1803 3446 hachecAanices

460 3529 578 3628 parte
594 3502 910 3626 'desiderandum
931 3499 1151 3616 reliquerit.
1207 3499 1322 3610 Quin
1343 3501 1457 3616 quod
1480 3510 1556 3592 vix
1579 3502 1801 3618 expeAan-

461 3657 563 3748 dum
575 3675 676 3761 erat,
689 3648 964 3740 abstrufiffima
980 3647 1083 3733 haec
1099 3649 1263 3735 inventa
1277 3651 1382 3734 mira
1396 3651 1582 3766 exposuit
1597 3651 1803 3740 evidentia

461 3833 545 3891 uon
561 3797 801 3904 tantumIed
823 3821 863 3886 et
884 3785 1178 3914 perspicuitate,
1193 3798 1248 3882 ita
1261 3817 1307 3881 ut
1321 3797 1436 3884 Artis
1450 3799 1587 3913 peritis
1611 3827 1693 3904 non
1716 3823 1805 3885 tan·
1856 3843 1861 3848 ·

374 3953 379 3960 ’
463 3973 553 4036 turn
570 3947 705 4034 aditus
719 3947 771 4034 ad
793 3944 983 4059 mysteria
1000 3947 1041 4030 in'
1056 3940 1135 4028 boc
1151 3941 1255 4074 libro
1269 3921 1480 4032 recondita
1496 3967 1652 4070 pateat,
1677 3947 1742 4033 sed
1764 3968 1805 4070 et

465 4096 575 4190 idem
596 4123 701 4213 opus
716 4097 764 4182 iis
781 4089 1015 4186 erudiendis
1029 4084 1219 4183 inservire
1233 4113 1376 4208 queat,
1404 4097 1476 4210 qui
1498 4095 1542 4180 in
1556 4093 1705 4210 analysr
1719 4098 1806 4209 jam

718 4257 724 4268 '
1709 4239 1801 4342 satis
