3890 4988
202 236 250 370 ι’
318 290 323 303 “
381 429 385 444 ,
447 235 1760 424 saocAPUTVffl.·DEAXEt}YRAT10urs'LIBERo

453 664 459 678 ·
553 616 642 706 9η·
661 615 698 686 ln
718 577 863 712 utralibet
881 505 1796 711 ugcossqllissullrdnllmaedanrrtnmgynrm

445 723 498 791 nis
518 713 625 801 liberi,
646 719 710 814 ,qui
731 709 845 793 scilicet
862 709 935 784 lunt
955 716 1020 804 ejus
1039 735 1113 782 axes
1133 707 1340 809 principales,
1370 715 1452 784 circa
1472 714 1609 808 quesita
1621 709 1723 784 libere
1735 710 1799 810 gy}
1828 761 1831 770 -
1912 803 1915 811 ι

447 823 509 892 rari
522 813 638 917 poss‘tt,
670 833 710 890 ut·
722 838 794 887 axes
807 807 921 913 sponte
933 819 966 932 in
981 817 1087 912 quiete
1101 806 1311 920 perseverent.
1358 911 1368 927 μ

751 925 1351 1084 ,„‘couonn2s

468 1103 481 1190 ἰ
502 1127 506 1132 ’
551 1131 635 1218 578.
654 1150 658 1159 ·
675 1121 709 1192 Si
729 1114 987 1217 triapriucipalin
1015 1130 1184 1187 momenta
1202 1107 1321 1218 inerint
1340 1113 1422 1212 inter
1441 1107 1473 1188 l'e
1496 1104 1692 1214 inaequalia}
1726 1129 1794 1198 ‚trec
1921 1111 1922 1152 ³

446 1239 573 1296 tantum
593 1219 708 1292 dantur
735 1245 808 1293 axes
827 1221 1005 1318 gyrationie
1026 1211 1139 1306 liberi,
1181 1207 1287 1314 neq'ue
1312 1211 1428 1312 corpus
1456 1219 1537 1288 cir'ca
1565 1213 1669 1286 ullum
1695 1210 1796 1287 alium
1921 1217 1922 1284 Ϊ

445 1348 559 1410 arem,
591 1318 713 1394 etiamst
732 1312 788 1420 per
805 1301 1290 1422 contritotaiertieerrensees,
1309 1321 1415 1416 gyrari
1429 1314 1552 1418 potest,
1576 1322 1656 1416 quin
1676 1317 1796 1390 viribus

323 1471 328 1480 ·
401 1427 585 1510 ,externis
605 1447 688 1522 opus
710 1417 747 1496 fit
761 1418 800 1511 ad
818 1415 1172 1534 axetttcoutipeudum.
1255 1493 1259 1510 ,

804 1704 807 1712 Ι
901 1617 1255 1703 ’0οΚοΗ.
1291 1627 1325 1713 3.
1435 1653 1438 1658 ¹

447 1731 491 1844 ‚¹
549 1785 635 1858 579.
672 1761 731 1837 Sin
756 1779 866 1836 autem
885 1779 1096 1849 momentum
1123 1755 1270 1842 medium
1294 1755 1426 1860 aequale
1445 1751 1483 1828 lit
1500 1753 1549 1849 uel
1576 1761 1726 1851 maximo
1744 1757 1795 1834 vel
1857 1729 1862 1736 ι

444 1858 604 1954 minium,
636 1861 703 1936 bini
722 1860 1005 1972 axespripcipales
1025 1887 1095 1937 nou
1116 1855 1386 1942 determinantur,
1411 1853 1463 1944 [ed
1478 1884 1594 1944 omnes
1609 1857 1647 1932 atl
1663 1865 1794 1934 tertium

312 2033 316 2039 .
387 1971 391 1988 ¹
443 1963 607 2140 pprmeles
628 1967 695 2066 pari
714 1961 855 2066 gaudent
874 1966 1092 2065 proprietate,
1134 1959 1274 2097 ideoque
1294 1965 1396 2094 eriam
1416 1955 1501 2068 lunt·
1519 1984 1593 2054 axes
1617 1965 1794 2072 gyrationis

490 2093 547 2154 eu,
595 2099 627 2117 ¹¹
1391 2095 1394 2117 =

848 2263 1314 2375 .COROLn4

552 2414 635 2497 580.
667 2407 710 2476 At
731 2381 886 2482 sromnia
901 2409 962 2476 tria
983 2420 1152 2476 momenta
1166 2388 1350 2501 principalia
1362 2397 1482 2477 lire'riirt
1500 2371 1583 2480 inter
1599 2397 1629 2478 se
1640 2373 1793 2505 aequalia,

444 2508 492 2578 ttti
510 2501 547 2576 fit
565 2511 599 2576 in
617 2501 718 2604 globi)
738 2523 773 2596 et,
789 2496 907 2592 cubo,¹
928 2529 1047 2579 omnes
1065 2503 1284 2604 plane'redlae
1305 2527 1361 2602 per
1384 2517 1531 2594 centrum
1554 2511 1680 2582 inertiae
1702 2527 1784 2576 tran·

368 2633 374 2643 ·
441 2601 566 2700 senates
587 2611 814 2707 proprietatem
833 2589 941 2682 axinrir
961 2603 1188 2708 principalium
1208 2591 1389 2688 habebrr'n't',
1427 2631 1610 2710 corpusque
1628 2611 1707 2682 eirca
1729 2631 1789 2680 eos

443 2705 542 2808 libere
557 2712 664 2810 gyrari
680 2713 807 2808 poterit.
870 2733 875 2745 ·
1195 2741 1199 2750 ·
1518 2734 1530 2749 ··
1658 2739 1691 2754 ··
1782 2710 1784 2719 '

864 2907 1324 2989 'SCHOLIOM

548 3048 646 3142 581.'
664 3047 756 3138 Quae
779 3073 860 3148 ergo
885 3043 977 3148 supra
1001 3045 1041 3120 de
1059 3046 1169 3122 axibus
1189 3041 1413 3148 principalibus
1436 3051 1790 3146 omnium'corponrm

443 3148 650 3236 tradidimus,
688 3177 759 3227 uon
783 3145 890 3222 solutu
918 3142 964 3222 in¹
980 3153 1164 3224 inventione
1185 3155 1587 3240 mutuentomm-inertiae
1607 3155 1791 3236 inanimum

441 3251 562 3326 habent
581 3247 694 3334 usum,
725 3247 779 3324 sed
799 3255 895 3324 etism
916 3253 949 3322 in
970 3245 1124 3348 praesenti
1144 3243 1387 3348 investigatione
1405 3269 1511 3326 totum
1529 3257 1698 3352 negotium
1712 3277 1791 3324 cou-

441 3350 574 3439 ficiunt,
611 3379 687 3426 cunr
709 3357 741 3424 iu
762 3353 875 3453 quuris
895 3375 1033 3450 corpore
1053 3375 1127 3422 axes
1139 3347 1340 3448 ³principales
1359 3355 1444 3451 iique
1458 3347 1519 3425 loli
1534 3341 1594 3424 lint
1607 3376 1681 3426 axes
1694 3377 1789 3453 gyra·

331 3521 336 3530 .
443 3459 541 3526 tionis
556 3453 663 3541 liberi,
693 3459 773 3526 circa
792 3479 876 3552 quos
890 3477 1007 3550 corpus
1021 3456 1061 3522 ira
1081 3456 1193 3550 gyrari.
1203 3446 1316 3548 polilt,
1341 3472 1375 3523 ur
1389 3479 1458 3524 non
1471 3479 1553 3551 opus
1565 3451 1603 3524 stt
1616 3459 1645 3523 vi
1660 3474 1789 3526 externa

440 3555 482 3628 sd
500 3581 557 3629 eos
577 3561 612 3627 in
632 3560 739 3654 quiete
761 3551 957 3627 retinendos.
1010 3547 1301 3634 Quemadmodum
1320 3544 1401 3651 ergo
1422 3559 1455 3648 in
1470 3559 1583 3654 queris
1598 3579 1736 3654 corpore
1748 3559 1790 3626 ri.

353 3670 357 3678 “
440 3655 521 3756 gido
539 3678 687 3730 centrum
713 3653 907 3748 inertiaeell
926 3653 1085 3750 punc‘lum
1104 3658 1246 3724 maxime
1268 3654 1499 3736 memorabile,
1529 3659 1615 3745 cujus
1633 3659 1715 3728 ratio
1751 3651 1789 3726 'r

439 3753 619 3830 universam
631 3757 858 3830 Mechuuicatn
872 3752 1020 3827 larissime
1031 3771 1133 3854 patet,
1156 3756 1196 3824 ita
1210 3777 1284 3826 axes
1296 3754 1503 3854 principales,
1528 3761 1588 3855 qui
1606 3752 1702 3828 linrul
1730 3775 1788 3828 unt

397 3901 402 3908 -
438 3879 514 3929 axes
533 3863 708 3956 gyrationis
726 3855 834 3942 liberi,
880 3861 916 3927 in
940 3861 1055 3956 quovis
1078 3873 1215 3954 corpore
1234 3881 1301 3928 non
1320 3861 1436 3928 miuus
1456 3855 1529 3928 lunt
1552 3877 1663 3930 notatu
1685 3856 1788 3957 digni,

439 3983 518 4032 enm
539 3963 577 4030 iis
598 3953 902 4048 universadoilrinn
915 3956 960 4030 de
980 3976 1074 4032 motu
1087 3978 1271 4054 corporum
1285 3955 1387 4029 libero
1395 3961 1563 4043 innitatur.
1598 3961 1698 4030 luter
1712 3985 1787 4060 prus

438 4063 586 4160 prietates
607 4083 688 4158 ergo
706 4083 882 4158 corporum
903 4063 1105 4132 mechanicas
1118 4081 1191 4130 axes
1204 4061 1237 4129 iri
1254 4058 1441 4158 principales
1454 4057 1528 4158 poli
1541 4077 1687 4146 centrum
1702 4066 1789 4132 iner-

437 4161 500 4234 nae
521 4159 863 4260 praecipttnnvlocnm
885 4163 1050 4254 obtinent,
1078 4179 1173 4259 atque
1191 4164 1226 4229 in
1246 4165 1361 4257 quovis
1380 4183 1534 4258 corpore.
1566 4164 1654 4252 cujus
1673 4180 1787 4236 motus

437 4261 669 4336 examinandus
689 4255 885 4364 suscipitur,
900 4269 932 4335 in
946 4261 981 4334 id
993 4258 1195 4361 potiffitnnm
1210 4265 1270 4331 erit
1282 4255 1555 4354 incumbendum,
1583 4281 1619 4334 ut
1631 4265 1697 4353 ejus
1711 4287 1785 4336 axes

436 4361 626 4471 principales
642 4367 859 4467 exquirantur.
914 4363 1054 4468 Triplen
1070 4357 1187 4470 scilieet
1200 4357 1292 4464 datur
1302 4384 1479 4466 pomorum
1492 4367 1654 4470 cognitio,
1670 4369 1783 4460 ¹prima

1295 4477 1299 4496 '
1639 4488 1781 4568 geome-
