3898 4990
900 219 1307 364 enarrarre
1435 239 1437 244 ’

392 580 394 588 ,
432 471 635 573 dundent3
661 497 758 557 eum
772 487 911 556 motus
925 468 1047 554 lunae
1060 467 1315 581 libratorius,
1342 471 1562 586 praecellio
1585 463 1806 591 aequino?
1935 463 1936 516 ³

433 623 620 728 aliorum,
652 640 694 703 et
711 620 873 705 nutatio
887 645 1021 704 axecs
1035 637 1171 703 terrae
1186 619 1424 734 principalia
1440 623 1513 714 sint
1527 623 1646 734 hujus
1660 623 1784 738 Capi·

432 771 486 854 tis
508 765 680 878 objedla.
750 762 924 878 Excipit
944 763 1050 869 hanc
1071 765 1357 854 tradlationem
1383 766 1541 881 plenior
1561 770 1784 885 explicatio

301 1019 306 1028 ¹
416 901 573 1032 ‘motus
587 915 798 1002 turbinum
812 911 929 1027 super
945 909 1068 1026 plano
1083 911 1499 1024 horizontali,lemota
1514 915 1711 1007 fridilone.
1730 915 1786 1008 Et

434 1090 531 1148 cum
547 1059 663 1176 supra
679 1081 839 1148 tanturn
855 1059 1060 1172 ejusmodi
1075 1061 1259 1147 turbines
1273 1061 1347 1148 smt
1364 1062 1618 1169 confiderati,
1644 1067 1685 1148 in
1697 1067 1787 1178 qui·

435 1212 515 1307 bus
535 1211 677 1296 omnia
697 1227 912 1296 momenta
940 1209 1239 1294 inertiaeinter
1267 1207 1305 1294 le
1333 1207 1648 1323 luntaequalia,
1676 1237 1787 1324 quae
1935 1273 1936 1288 ,

329 1367 342 1418 ι’
435 1355 617 1454 conditio
632 1359 805 1476 nimium
819 1375 909 1442 erat
924 1336 1117 1464 limitata,
1148 1383 1259 1442 nunc
1275 1377 1415 1442 motus
1436 1360 1646 1444 turbinum
1661 1360 1702 1442 in
1716 1387 1788 1472 ge·

437 1533 537 1592 nere
560 1503 822 1622 exploratur,
852 1501 991 1616 posstis
1007 1521 1170 1588 tantum
1185 1502 1349 1592 duobus
1372 1509 1595 1626 momentis
1613 1509 1785 1594 inertiae

437 1653 729 1769 principalibus
742 1655 849 1736 inter
863 1645 901 1734 le
914 1645 1173 1761 aequalibus,
1194 1677 1310 1764 ‚quae
1324 1652 1507 1739 conditio
1530 1683 1626 1740 cum
1647 1651 1785 1740 indole

437 1803 649 1890 turbinum
662 1791 882 1884 neceliario
896 1791 1115 1909 conjundla
1130 1795 1305 1906 uidetur.
1329 1860 1332 1877 ι
1354 1799 1604 1893 Cumturbo
1627 1803 1674 1890 fit
1694 1828 1783 1886 cor·
1935 1911 1936 1924 ι

435 1977 515 2066 pus
530 1943 691 2064 culpide
705 1941 963 2060 superplano
983 1942 1229 2034 horizontali
1250 1948 1466 2058 incedens,
1510 1954 1567 2038 ita
1588 1971 1635 2036 ut
1656 1947 1785 2064 culpis
1811 2007 1814 2011 -
1935 1995 1936 2066 i

437 2095 611 2210 litquafi
626 2091 865 2208 basrsipssus
881 2089 1093 2198 censenda,
1126 2093 1220 2180 hinc
1232 2094 1286 2180 ad
1300 2095 1378 2180 alia
1395 2123 1618 2208 corporum
1631 2121 1785 2207 genera
1935 2081 1936 2096 Ν

437 2241 602 2329 ducitur
622 2267 728 2327 can.
741 2263 986 2350 ‚nuceum
1026 2263 1134 2350 quae
1155 2238 1236 2324 bafi
1256 2266 1504 2354 quacunque
1522 2235 1637 2354 super
1659 2236 1785 2354 plano

437 2385 643 2480 incedant.
699 2384 864 2476 Nimiae
878 2403 1020 2472 autem
1029 2383 1243 2503 ambages,
1273 2388 1437 2506 quaein
1459 2383 1643 2472 calculos
1661 2389 1784 2484 inex·

435 2533 943 2672 tricabilesperducerent,
957 2534 1200 2640 evitaturus,
1215 2531 1299 2620 duo
1313 2553 1473 2622 tantum
1482 2563 1706 2650 corporum
1714 2561 1785 2648 ge

343 2689 349 2705 '
397 2671 398 2676 Ν
436 2715 551 2797 nera,
566 2665 950 2801 cylindricalcilicet
961 2709 1013 2767 ac
1026 2677 1229 2818 sphaerica
1244 2679 1490 2796 potillrmum
1504 2675 1660 2774 evolvit
1663 2709 1785 2796 ,quo-

309 2881 313 2886 ·
438 2837 743 2924 rumnimirum
757 2805 887 2947 ligura
901 2851 1075 2916 externa
1077 2854 1193 2942 ,qua
1208 2825 1332 2944 plano
1346 2799 1618 2945 applicantur,
1652 2829 1698 2917 fit
1715 2827 1785 2919 vel

440 2981 665 3097 cyltndnca
678 2979 746 3070 vel
760 2979 982 3094 sphaerica,
1010 2975 1389 3092 quomodocunque
1410 2981 1584 3065 materia
1602 2974 1783 3064 intrinle·
1869 2997 1875 3006 ·

439 3157 515 3224 cus
528 3129 655 3216 luent
666 3123 885 3214 drstnbuta
930 3100 1001 3214 Ad
1016 3152 1147 3240 genus
1159 3145 1300 3239 rtaque
1315 3125 1587 3238 cylindrieum
1600 3125 1783 3211 referun-

381 3351 386 3362 ,
426 3283 507 3364 *tur
519 3305 568 3366 ea
582 3272 781 3392 pendula
813 3301 930 3390 quae
947 3301 1030 3358 non
1045 3267 1124 3366 ab
1113 3299 1197 3358 axe
1212 3269 1391 3362 linearis
1384 3291 1458 3358 unt
1480 3270 1674 3388 suspensa,
1717 3271 1782 3360 led

423 3423 616 3514 'axiculis
642 3419 876 3538 cylindricis
906 3423 1099 3535 utrinque
1117 3417 1241 3534 plano
1263 3417 1508 3506 horizontali
1527 3409 1797 3517 incumbunt,

437 3571 538 3663 Huc
552 3599 719 3688 quoque
734 3569 923 3676 refertur,
951 3596 1000 3654 ac
1015 3565 1111 3654 ideo
1126 3554 1247 3654 finrul'
1261 3562 1527 3682 investigatur
1546 3591 1688 3656 motus
1709 3563 1784 3659 vass

438 3719 675 3832 cillaton’us,
689 3717 1034 3823 monticunarum
1048 3716 1264 3831 reciproco
1273 3715 1418 3805 familis.
1445 3717 1515 3806 rld
1527 3743 1781 3833 genusprae-

438 3888 553 3954 terea
565 3865 819 3983 sphaericum
829 3866 1033 3981 pertinent
1046 3865 1242 3976 turbineS,
1255 3893 1433 3979 quorum
1452 3879 1557 3952 axes
1570 3865 1676 3955 inira
1696 3850 1781 3955 non

436 4021 480 4106 in
494 4013 712 4133 cuspidem,
721 4013 785 4100 sed
799 4011 965 4129 quasrin
979 4006 1340 4129 haemisphaerium
1355 4011 1549 4102 desinunt.
1566 4013 1636 4100 Ab
1650 4018 1783 4102 omni-

437 4167 515 4258 bus
528 4163 735 4280 ejusmodi
750 4163 945 4280 motibus,
973 4161 1123 4276 quibus
1147 4173 1299 4275 corpus
1321 4162 1362 4246 in
1383 4157 1591 4276 superficie
1613 4158 1781 4252 alterius
1832 4209 1838 4214 ·
1935 4149 1936 4154 Ν

1673 4311 1784 4396 lnce·
