3842 4990
263 274 266 286 ·
374 197 429 226 ”
499 277 591 372 620
731 273 816 368 ou
842 273 1015 368 uoro
1045 271 1230 418 orout
1259 273 1437 372 cruca
1464 275 1643 368 uxum

908 471 1451 550 CONCLUSIONES.

541 603 552 617 ·
606 575 678 650 Pro
711 565 967 650 determinativae
996 591 1122 659 motus,
1168 601 1229 673 qao
1259 579 1373 677 globus
1404 577 1677 675 quomodocunque
1701 579 1825 676 inpulsas

346 755 352 764 ,
497 677 597 777 super
620 681 715 772 piano
747 679 942 752 borizotitolr'
960 673 1188 776 progreditur.

560 873 565 882 ·
605 834 631 910 1.
658 833 768 904 Stator
798 829 995 926 quaestionis.
1047 827 1172 902 Globus
1193 830 1245 900 hic
1276 833 1316 899 ira
1347 849 1549 930 comparatus
1571 827 1774 932 supponitur,
1802 851 1827 902 ut

502 957 571 1005 nou
585 925 689 1002 solum
710 935 775 1020 ejus
796 951 941 1004 centrum
963 933 1121 1028 gravitatis
1141 935 1175 1000 in
1196 923 1299 1026 ipsum
1328 929 1450 1030 figurae
1468 953 1615 1003 centrum
1638 930 1766 1018 incidat,
1789 927 1827 1002 led

502 1039 599 1108 etium
615 1035 724 1104 omnia
740 1051 907 1104 momenta
923 1035 1051 1104 inertiae
1066 1028 1208 1129 respodiu
1229 1035 1380 1130 cujusque
1400 1032 1545 1102 diametri
1566 1037 1650 1118 inter
1671 1029 1701 1104 se
1723 1031 1774 1102 srut
1791 1057 1828 1124 ae-

501 1131 616 1234 qualia.
664 1131 757 1204 Talis
771 1132 860 1232 globi
875 1130 978 1206 radius
993 1135 1044 1204 hic
1058 1137 1187 1230 ponitur
1200 1137 1279 1226 =s‚
1305 1137 1433 1232 ejusque
1448 1127 1545 1204 massa
1560 1129 1613 1204 seu
1631 1132 1828 1231 ponduszll

502 1255 534 1308 et
562 1253 770 1306 momentum
799 1239 928 1306 inertiae
954 1229 1095 1334 respeiiu
1121 1239 1187 1306 axis
1213 1227 1429 1333 cujuscunque
1448 1257 1504 1332 per
1523 1255 1672 1308 centrum
1693 1239 1828 1333 gravitatis

500 1329 690 1410 transeuntia
705 1365 736 1402 :z
756 1333 872 1421 Mau,
897 1341 938 1406 ira
956 1355 1007 1412 ur.
1035 1333 1056 1405 fi
1074 1333 1191 1433 globus
1206 1357 1245 1406 ex
1260 1341 1389 1405 materia
1409 1337 1617 1434 homogeuea
1636 1335 1771 1416 conlisi,
1791 1331 1828 1404 s·

500 1455 608 1510 turrim
626 1433 661 1506 su
677 1461 716 1508 aa
729 1463 766 1504 τε
781 1437 805 1528 ξ
804 1435 849 1534 ff
900 1437 1059 1510 Praeterea
1080 1459 1157 1506 vero
1177 1455 1242 1506 tum
1257 1431 1359 1533 ipsum
1378 1435 1510 1532 planum
1531 1435 1732 1508 horizontale
1749 1461 1827 1534 quatu

499 1557 566 1612 totu
580 1537 668 1640 globi
684 1532 865 1636 superficies
879 1543 919 1608 ita
933 1535 1103 1636 aequaliter
1123 1537 1272 1636 laqvigata
1294 1531 1478 1614 affuruitur,
1506 1533 1642 1622 uiduus
1663 1537 1772 1636 globus
1789 1532 1828 1606 lu·

498 1637 675 1738 perplane
694 1636 835 1711 radendo
856 1636 1046 1738 ingreditur,
1072 1637 1190 1736 ubique
1210 1635 1346 1708 eandem
1366 1633 1550 1710 friiiiouem
1572 1644 1725 1736 patiatur,
1756 1663 1826 1736 quar,
1884 1681 1885 1684 =

500 1765 576 1812 cum
590 1735 743 1840 prellroui
757 1735 809 1812 seu
823 1737 880 1838 ipl'r
895 1735 1031 1840 ponderi
1045 1735 1134 1838 globi
1149 1734 1184 1808 fir
1200 1738 1467 1837 proportionalis,
1491 1743 1545 1810 hic
1562 1739 1710 1811 llaruitur
1720 1772 1755 1808 .-.-
1767 1735 1826 1818 illl.
1884 1799 1885 1810 2

301 1887 489 2004 'Fig,163,
600 1894 640 1970 ll.
670 1893 781 1964 Staius
800 1892 942 1964 initialis.
993 1891 1157 1962 l’ouaums
1170 1887 1308 1990 globum
1323 1894 1415 1962 initio
1434 1895 1467 1960 iu
1487 1890 1608 1986 puueio
1632 1895 1665 1962 D
1656 1891 1774 2065 ffplam
1789 1895 1827 1961 irr-

499 1989 605 2068 srllere
618 1999 710 2094 eique
726 2012 854 2066 morum
873 1989 1103 2092 progrellivum
1123 1985 1297 2064 secuudum
1315 1987 1526 2062 diretiionem
1549 1993 1614 2068 Do
1636 2019 1654 2065 e
1682 2019 1700 2066 e

1719 1999 1760 2063 im
1781 1985 1828 2062 rel·

498 2089 570 2169 l‘ruu
587 2121 711 2170 cumea
730 2093 905 2181 celeritate,
940 2113 975 2166 ut
994 2091 1108 2192 globus
1128 2117 1196 2164 uno
1216 2087 1503 2164 minuto-secundo
1520 2087 1662 2191 spatium
1682 2127 1719 2164 =
1737 2019 1828 2165 allier

498 2193 718 2298 percursurus,
745 2221 827 2295 quae
838 2195 978 2270 celeritas
992 2221 1060 2266 nou
1077 2214 1141 2266 tam
1156 2193 1278 2293 puni'lo
1292 2193 1458 2264 bourarius
1472 2196 1503 2262 D
1516 2219 1614 2292 quum
1629 2215 1741 2268 ceurro
1758 2193 1828 2294 globi

499 2293 650 2396 itupress'a
670 2295 715 2371 eli
735 2295 951 2394 intelligenda.
1010 2297 1105 2366 Tum
1126 2319 1203 2366 vero
1225 2292 1337 2365 referat
1356 2293 1491 2367 circulus
1514 2297 1652 2370 ARCD
1674 2293 1826 2369 sarlionem

498 2397 681 2470 verticalem
694 2395 783 2496 globi
800 2391 974 2467 iocundum
991 2393 1201 2468 direlliouem
1214 2399 1278 2466 DO
1291 2391 1423 2483 sariam,
1447 2402 1501 2496 qui
1522 2393 1616 2469 limul
1632 2393 1827 2496 haemisphae-

498 2501 583 2568 rium
597 2495 687 2595 globi
706 2519 887 2568 couvexum
909 2495 1003 2567 uobis
1024 2492 1191 2580 obuersum
1212 2492 1343 2581 referat,
1374 2503 1407 2568 iu
1427 2523 1495 2596 quo
1517 2495 1551 2568 lit
1572 2501 1599 2570 E
1622 2497 1738 2597 polus,
1763 2505 1825 2568 citat

499 2621 599 2696 quem
619 2595 721 2696 globo
741 2615 851 2668 motus
869 2601 1049 2693 gyratorius
1067 2601 1159 2666 initio
1179 2590 1238 2668 suit
1255 2593 1441 2695 imprrll'ua,
1475 2603 1563 2695 rojus
1582 2601 1730 2674 celeritas
1746 2623 1826 2697 augu-

497 2697 572 2771 laris
585 2701 617 2770 iu
630 2691 755 2770 sensum
771 2699 887 2769 ABCD
900 2723 1035 2796 vergens
1048 2696 1084 2769 fit
1096 2729 1134 2765 =
1149 2732 1183 2778 a,
1210 2703 1251 2770 ita
1266 2719 1300 2769 ut
1319 2735 1336 2778 ε
1354 2696 1498 2797 designet
1515 2701 1675 2799 angulum
1695 2728 1759 2773 uuo
1777 2703 1827 2770 uti·

498 2817 582 2872 uuto
597 2795 735 2874 secundo
752 2793 993 2882 absolvendum.
1046 2803 1107 2870 Pro
1125 2795 1182 2870 fito
1195 2819 1304 2871 autem
1320 2803 1412 2886 lrujus
1424 2803 1579 2916 purriiiffE
1596 2801 1632 2874 bt
1653 2803 1826 2902 llpunt‘luut

498 2901 587 3002 globi
605 2895 793 2982 sursumsunt,
819 2901 942 2999 puniio
961 2901 1129 2972 couraiius
1149 2901 1182 2972 D
1201 2900 1427 2973 diametralirrr
1443 2900 1655 3002 opposrtum,
1687 2903 1766 2977 untle
1783 2923 1826 2995 ptr

496 3001 616 3102 polum
629 3005 656 3072 E
670 3025 780 3100 agatur
792 2999 927 3088 circulus
941 3008 1102 3073 maximus
1119 3004 1178 3072 BE
1197 3021 1228 3074 et
1242 3021 1474 3074 uoceturarcus
1498 3005 1548 3073 BE
1567 3035 1605 3074 ,τ
1625 3011 1643 3089 f
1660 3025 1692 3076 et
1709 3001 1827 3104 angulus

497 3105 584 3174 ΑΒΕ
601 3133 636 3171 =
653 3105 691 3200 b3
718 3103 835 3199 quibus
854 3127 933 3200 ergo
949 3099 1056 3198 posuis
1069 3121 1134 3172 rora
1148 3106 1195 3174 vis
1210 3109 1278 3173 viva
1315 3101 1392 3172 lubo
1406 3109 1497 3174 initio
1511 3111 1556 3176 im
1582 3101 1660 3178 rella
1676 3112 1732 3178 etit
1751 3101 1826 3174 :M
1883 3139 1884 3154 κ

497 3207 594 3295 (tt-i·
617 3203 720 3302 esau).
772 3199 943 3300 Pollquam
959 3207 1055 3300 igitur
1072 3200 1175 3300 globo
1193 3201 1262 3272 talis
1281 3129 1401 3300 (luplex
1419 3226 1531 3278 motus
1552 3131 1648 3280 blerir
1667 3199 1826 3304 imprrllus,

496 3311 658 3402 quaeritur
675 3301 847 3406 quomodo
862 3309 888 3373 is
906 3301 1056 3400 deiueeps
1077 3299 1112 3372 fit
1134 3298 1372 3401 progrellirrtrs3
1405 3331 1441 3377 ac
1461 3315 1568 3402 primo
1586 3307 1718 3408 quidem
1736 3305 1824 3375 liarim

495 3403 578 3479 duos
590 3401 678 3478 castus
694 3399 814 3478 uotalle
826 3403 959 3504 iuvabit,
982 3405 1100 3504 quibus
1119 3402 1236 3502 globus
1255 3403 1396 3476 eundem
1417 3429 1546 3478 tuorum
1561 3403 1745 3507 iurprell'um
1764 3427 1824 3504 per·

490 3529 595 3606 petuo
609 3502 685 3582 effer
699 3501 959 3579 conservaturus:
986 3505 1074 3577 lllter
1086 3499 1202 3602 scilicet
1218 3499 1306 3579 casus
1325 3527 1394 3578 rum
1410 3506 1519 3579 locuui
1541 3511 1685 3596 habebit,
1711 3505 1824 3608 quando
1883 3577 1884 3582 ,

495 3607 636 3682 celeritas
650 3603 843 3708 progressiva
857 3631 872 3676 a
885 3601 981 3680 fiterir
995 3605 1101 3690 uuila,
1128 3601 1284 3705 fimulqua
1304 3607 1422 3708 globus
1442 3615 1522 3708 circa
1544 3637 1639 3683 axem
1659 3606 1823 3684 uerricaleut
1883 3597 1884 3686 ζ

494 3709 736 3808 BDgyretur,
776 3715 816 3779 ita
836 3725 872 3778 ut
892 3709 955 3780 buc
975 3703 1047 3782 casu
1068 3701 1163 3780 luerit
1184 3709 1427 3800 liE=f=03
1460 3719 1534 3810 quia
1554 3719 1643 3786 enim
1663 3733 1730 3784 rum
1751 3705 1823 3781 nulla
1883 3721 1884 3730 ‘

493 3809 579 3884 adell
597 3807 724 3901 friilio,
746 3807 865 3909 globus
884 3830 1041 3910 perpetuo
1060 3813 1094 3882 in
1114 3806 1233 3883 eodem
1253 3807 1329 3882 loco
1347 3817 1454 3910 gyrari
1478 3835 1598 3911 perget.
1657 3811 1742 3885 Alter
1757 3833 1822 3882 uero
1883 3813 1884 3882 Q

493 3907 582 3985 casus
601 3933 671 3984 tum
685 3907 796 3984 locum
811 3909 923 3995 habet,
945 3911 1077 4012 quaudo
1094 3915 1160 3982 axis
1171 3915 1347 4008 gyratiouis
1362 3909 1457 3986 suerit
1476 3914 1683 3988 horizonralis
1703 3912 1821 4009 ideoque

492 4012 717 4110 augrrlusb:
736 4018 830 4104 90⁰,
862 4009 1053 4086 limulrero
1074 4007 1291 4110 iusupert=
1311 4017 1352 4106 ef
1371 4011 1457 4102 liuf,
1494 4015 1821 4116 quandoquidemboc

492 4109 564 4186 calu
577 4110 683 4188 sriiiio
704 4121 819 4216 pariter
832 4107 936 4191 cellar.
984 4115 1130 4212 Reliquis
1142 4133 1252 4186 autem
1271 4112 1394 4187 rabbus
1415 4118 1569 4188 omnibus
1585 4117 1701 4216 globus
1719 4117 1754 4186 ab
1771 4115 1819 4182 iui-

492 4223 608 4316 tioper
619 4215 749 4318 aliquod
764 4240 893 4315 tempus
907 4236 1000 4288 motu
1013 4213 1200 4316 inaequabili
1214 4210 1349 4300 seretur,
1377 4215 1457 4290 dum
1477 4237 1543 4287 ram
1566 4238 1676 4291 tumus
1694 4203 1818 4315 progres-

489 4317 574 4396 surus
594 4345 694 4424 quam
715 4323 896 4422 gyrarorius
917 4323 1076 4395 contiuuo
1095 4313 1284 4416 variabitur,
1314 4309 1442 4423 hicque
1459 4327 1615 4424 teurporis
1633 4315 1816 4396 interuallum

1727 4437 1815 4520 reper-
