3898 4990
585 260 1004 397 perarmato,

121 503 338 592 celeritatis
354 499 585 617 angularis,
625 529 751 618 quam
767 501 861 588 axis
880 500 1108 616 gyrationis
1122 501 1315 616 positione
1334 495 1464 621 reip'e-

118 652 184 740 t‘iu
198 651 324 737 trium
338 653 485 774 axium
499 647 784 766 principalium
797 651 983 766 corporis
998 647 1051 772 ad
1066 649 1245 763 quodvis
1264 653 1460 768 temporis
1606 627 1609 636 ⁴

116 819 397 898 ιιιοιιιειιιιιιιιι
425 797 609 884 nondum
622 817 763 882 tamen
776 795 922 912 liquet,
949 823 1075 912 quem
1091 795 1208 886 fitum
1224 825 1375 912 corpus
1398 828 1461 883 re-

114 945 247 1062 spediu
267 944 378 1062 spatii
397 943 566 1032 absoluti
588 963 736 1034 teneat
802 943 914 1032 Cum
934 948 1045 1030 enim
1063 943 1134 1030 iste
1155 943 1252 1031 situs
1273 941 1460 1059 corperis
1561 973 1566 979 ·

113 1093 279 1180 labente
290 1117 478 1208 tempore
491 1112 689 1178 contmuo
695 1093 899 1201 varietur,
928 1095 1051 1178 etiam
1065 1091 1168 1178 haec
1181 1089 1338 1208 questro
1352 1095 1461 1219 ριίο-Ι

114 1243 227 1328 ribus
250 1239 511 1354 adjungenda
533 1260 648 1325 erat:
694 1238 742 1328 Si
772 1239 829 1326 ad
856 1239 998 1328 datum
1020 1223 1183 1355 tempus
1203 1243 1391 1354 cognitus
1411 1237 1459 1326 fit

112 1387 208 1474 situs
222 1391 409 1504 eorporis
424 1385 542 1502 rigidi
556 1391 666 1474 cirea
682 1391 919 1502 quempiam
934 1415 1062 1474 axem
1074 1415 1149 1502 per
1163 1389 1254 1500 ejus
1269 1401 1474 1476 centrum

112 1539 283 1622 inertiae
296 1535 577 1622 transeuntem
599 1539 806 1650 gyrantis‚
845 1559 978 1661 atque
993 1555 1078 1622 tam
1102 1536 1196 1622 axis
1216 1535 1456 1650 gyratiouis,

111 1711 238 1799 quarn
255 1680 666 1796 celeritasanguiaris
680 1673 890 1798 utcunque
906 1687 1100 1801 varietur,
1114 1681 1327 1798 quomodo
1339 1686 1455 1771 inve·

110 1829 263 1916 nienda
276 1829 322 1915 stt
335 1831 510 1916 mutado
532 1832 880 1917 momentaneam
900 1833 1086 1944 eorporis
1105 1831 1182 1914 situ
1199 1852 1302 1924 orta.
1357 1814 1457 1918 Huc
1508 1877 1518 1888 ·

15 1959 17 2000 ³
109 1953 551 2092 demumprobiemate
559 1973 935 2084 resolutomniveria
944 1975 1101 2060 theoria
1114 1975 1166 2062 de
1179 1997 1297 2062 motu
1310 2005 1460 2090 corpo·

108 2152 205 2210 rum
223 2121 449 2244 rigidorum
462 2117 643 2208 absoluta
659 2121 716 2208 est
729 2117 940 2230 censenda,
968 2143 1142 2237 tumque
1162 2121 1340 2238 quodvis
1358 2149 1459 2238 pro·

15 2255 16 2320 J
109 2269 248 2358 blema
269 2267 576 2377 mechanicum,
602 2272 813 2382 utcunque
829 2265 1124 2384 complicatum
1145 2270 1210 2375 sit,
1227 2337 1231 2344 .
1246 2273 1457 2385 aequatio·
1561 2261 1564 2272 ’

109 2420 228 2507 nibus
252 2413 648 2525 fundamentalibus,
677 2415 878 2532 exipsius
904 2397 1209 2503 conditionibus
1232 2415 1455 2506 seeundum
1559 2527 1565 2539 ,

16 2603 17 2640 ι
110 2564 278 2652 stabilita
298 2565 498 2680 principia
516 2559 721 2674 dedudiis,
753 2561 899 2652 salculi
919 2559 1127 2714 integralis
1145 2593 1229 2681 ope
1249 2561 1455 2682 complete

111 2715 187 2800 erit
200 2709 499 2802 reiblveudum

17 2969 19 2982 Α
118 2931 122 2942 .
221 2858 423 2978 Exposita
439 2859 493 2946 fic
513 2859 670 2948 theoria
691 2859 871 2976 generali
893 2860 944 2949 de
965 2859 1094 2948 modo
1114 2857 1289 2975 iugulas
1313 2881 1454 2968 mopus

18 3057 19 3066 ι
112 3035 332 3124 corporum
342 3005 1454 3125 rigidorumvariationesaequationibusanalyticisex·

110 3155 330 3270 primeudi‚
364 3182 469 3250 σει,
484 3182 692 3244 Aucrort
713 3157 951 3272 adgreditur
970 3153 1285 3302 applicationem
1301 3158 1452 3270 princi-

110 3307 366 3418 piorumr
288 3305 340 3390 ab
352 3301 437 3419 ipio
454 3303 720 3391 stabilitorum
735 3305 787 3392 ad
805 3305 917 3392 casus
934 3301 1161 3432 speciales
1138 3333 1179 3388 ιιι
1198 3271 1355 3388 mundo
1377 3305 1452 3388 ob·

109 3453 211 3557 vion
238 3455 296 3537 ita
310 3451 492 3567 quidem
507 3473 554 3537 ut
572 3455 933 3568 prirn0,av1r1bus
947 3474 1132 3538 extemis
1146 3448 1450 3538 sollicitantibus

110 3597 388 3706 abstrahendo,
417 3627 593 3714 corpora
609 3600 678 3686 fibi
700 3599 839 3688 relidta
859 3599 1020 3688 tantum
1046 3597 1365 3712 contempletur,
1398 3625 1449 3682 ae
1523 3679 1528 3694 ,

109 3745 330 3834 constitutis
344 3749 474 3835 tribus
487 3775 709 3864 corporum
723 3751 1020 3862 generibunex
1035 3744 1172 3836 indole
1185 3747 1330 3832 axium
1340 3747 1458 3862 prin-³

110 3893 299 4009 cipalium
312 3897 462 4010 petitis,
474 3897 604 3982 tribus
619 3925 785 4011 quoque
799 3893 1013 4012 Capitibus
1027 3877 1347 3986 XisXlilell.
1358 3897 1466 3980 mo?

108 4065 190 4130 tum
204 4041 375 4130 evolvat
388 4069 610 4160 corporum
622 4045 862 4158 rigidorum,
886 4047 1019 4159 primo
1035 4043 1161 4126 ternis
1175 4043 1324 4127 axibus
1338 4043 1467 4156 prin-¹

110 4187 302 4306 cipalibus
317 4179 497 4306 paribus,
519 4189 667 4300 deinde
682 4189 845 4308 duubus-
862 4211 1025 4318 tantum
1045 4189 1230 4302 paribus,
1245 4215 1309 4274 ac
1330 4187 1445 4272 deni-

852 4359 948 4452 c3·
1206 4387 1213 4402 κ
1345 4327 1446 4448 'que
1670 4401 1675 4410 .
