3898 4990
468 320 472 330 *
611 335 959 432 ·PRAEFAT
962 341 1046 434 10.

156 525 337 656 quireret
350 533 596 647 celeritates,
626 537 982 652 exprimebantur,
1010 563 1100 654 quo,
1111 540 1305 628 nimirum
1320 539 1506 660 efficitur,
1572 653 1577 662 Ι
1633 541 1636 548 ’

154 690 256 814 utin
270 685 452 776 formula
464 681 648 802 generali
658 686 705 774 dc
716 717 756 760 =
767 685 951 803 npdttsss
962 657 1160 774 constanti
1172 716 1199 774 rr
1212 687 1328 776 valor
1342 703 1364 782 i
1378 695 1505 780 tribu·

152 833 286 922 endus
301 835 357 926 stt
415 835 576 928 Verum
591 841 651 924 eri
663 831 878 922 altitudine
893 831 1093 924 celeritati
1107 835 1246 922 debita
1263 833 1344 952 ipsa
1367 835 1509 926 celeri·
1567 881 1571 888 ·

135 999 222 1070 ¹tas
237 1013 321 1070 non
335 1007 421 1072 tam
435 981 643 1102 perspicue
656 979 926 1098 cognoscitur,
942 979 1008 1070 sed
1024 981 1186 1098 calculo
1202 953 1386 1100 quodam
1402 1011 1508 1100 opus

76 1145 82 1152 '
153 1131 231 1240 est,
244 1155 306 1218 ·ut
314 1131 371 1220 ad
387 1129 595 1220 mensuras
610 1129 744 1224 solitas
765 1129 999 1218 reducatur.
1062 1117 1226 1220 Deinde
1248 1135 1374 1220 etiam
1397 1152 1505 1222 tem·
1557 1121 1561 1130 ¹

153 1283 265 1394 poris
280 1283 385 1368 ratio
399 1279 594 1397 peculiari
606 1277 769 1368 'calculo
781 1297 896 1395 eget,
923 1305 1008 1394 quo
1021 1307 1132 1370 noua
1147 1280 1354 1396 quaedam
1367 1284 1512 1396 unitas,

152 1429 196 1514 in
209 1427 421 1525 calculum,
429 1427 634 1552 introduci
650 1427 793 1538 debet,
821 1449 868 1517 ut
882 1409 1048 1545 tempus
1071 1431 1114 1516 in
1134 1430 1301 1540 minutis
1320 1425 1504 1518 secundia

150 1573 352 1672 eliciatur.
409 1575 539 1689 Quod
555 1576 722 1686 livero,
742 1578 813 1692 ,titi
827 1573 928 1665 alias
944 1563 1270 1666 commodissime
1283 1574 1373 1664 fieri
1393 1571 1503 1689 solet,

3 1837 6 1856 μ
152 1722 384 1814 celeritates
397 1752 473 1842 per
486 1723 658 1842 spatium
673 1753 757 1812 uno
771 1729 933 1814 minuto
948 1724 1126 1813 secundo
1142 1723 1401 1812 uniformiter
1413 1751 1506 1841 pcr-

149 1871 336 1978 cursum,
371 1893 412 1960 et
430 1891 620 1985 tempora
640 1873 871 1976 inminutis
889 1869 1075 1998 secundis
1097 1873 1385 2007 exprimantur
1392 1903 1404 1968 3
1434 1901 1504 1962 ea·

3 2011 4 2074 ἒ
146 2017 253 2108 dem
266 2020 572 2134 experimenta,
592 2016 937 2132 quibussuperior
950 2015 1102 2104 modus
1118 2016 1373 2106 constantem
1388 2046 1414 2104 rt
1430 2017 1502 2106 de·
1561 2049 1563 2054 ¹
1665 1985 1668 1994 ‚

147 2165 318 2256 liniendi
331 2167 526 2274 innititur,
543 2163 776 2271 ostendunt,
786 2162 863 2250 elle
881 2161 1232 2252 huncnumerum
1245 2192 1272 2252 n
1286 2161 1505 2280 aequalem
1626 2201 1629 2208 ·

149 2310 302 2432 duplae
316 2305 602 2430 altitudiniex
615 2339 698 2427 qua
713 2334 841 2426 grave
848 2313 990 2434 primo
1006 2291 1167 2398 minuto
1183 2309 1361 2400 secundo
1375 2309 1504 2402 libere
1531 2439 1533 2446 Ι

149 2461 365 2550 delabitur.
422 2459 567 2572 Quare
579 2457 720 2548 relisla
734 2459 871 2577 priore
886 2457 1086 2588 methodo
1106 2457 1216 2546 haud
1237 2485 1392 2574 paucas
1413 2487 1503 2550 am·
1529 2563 1535 2570 ‚

4 2631 6 2662 l
149 2611 278 2726 bages
294 2611 469 2700 evitavit
483 2627 683 2697 esurus.
703 2633 925 2733 aucuou,
953 2607 1032 2694 hoc
1047 2605 1196 2696 ultimo
1220 2606 1348 2714 modo
1361 2605 1502 2721 ,multo
1593 2695 1599 2703 ,
1726 2607 1729 2616 ’

4 2755 5 2760 ‘
149 2757 334 2848 faciliore
350 2781 392 2846 et
405 2757 649 2874 simpliciore
664 2759 706 2843 in
721 2743 1029 2846 lntroduslione
1043 2730 1250 2874 expolito,
1286 2775 1329 2842 et
1347 2756 1389 2842 in
1410 2775 1530 2850 toco,
1634 2787 1647 2840 ·.

148 2907 340 3027 sequente
357 2935 484 3023 opere
505 2927 679 2994 retento.
793 2969 796 2974 -
1346 2899 1350 2905 ’

248 3053 474 3182 ‚Expositis
488 3049 591 3140 hisce
605 3053 813 3170 principiis
827 3025 1511 3170 generalibus‚traniitcsnrunu·-
1546 3033 1563 3142 f
1656 3041 1672 3056 ·’
1738 3007 1771 3060 ”

5 3241 11 3260 >
152 3231 285 3294 cros
299 3203 498 3290 admotus
513 3227 737 3318 corporum
752 3200 890 3288 finitae
904 3185 1159 3320 extensionis¹
1169 3199 1500 3310 considerandos,

149 3349 374 3468 etquidem
389 3347 594 3463 ejusmodi
609 3373 854 3466 corporum,
882 3347 1280 3465 quorumstruslura
1299 3351 1521 3466 partium-'
1724 3334 1727 3342 ’

146 3529 232 3619 que
253 3527 390 3588 nexus
410 3495 605 3588 riviribus
619 3487 919 3586 sollicitantibus
934 3523 1018 3582 non
1038 3500 1190 3584 mutati
1216 3495 1364 3613 potest,
1384 3485 1499 3609 ¹quae

98 3641 106 3654 ’
147 3647 558 3766 rigidorurnnomine
580 3643 739 3732 ab‘aliis
755 3643 1075 3759 distinguuntur,
1104 3671 1283 3758 quorum
1298 3639 1497 3730 strusiura

148 3819 212 3886 tot
231 3773 391 3884 roboris
412 3787 665 3898 nonhabet,
688 3813 753 3892 „ut
773 3795 939 3881 virium·
949 3789 1245 3879 sollicitantium
1265 3789 1412 3878 asiioni
1428 3819 1499 3897 re·
1568 3891 1571 3896 ¹

149 3945 282 4056 llllere
295 3941 443 4034 ualeat.
485 3939 633 4031 Partes
646 3930 786 4056 itaque
799 3939 1007 4032 talismodi
1021 3941 1207 4054 corporis
1222 3936 1497 4056 easdemper·
1636 3954 1643 3961 '

150 4117 281 4222 petup
304 4091 478 4180 durante
506 4109 625 4176 motu
646 4117 678 4200 a,
693 4085 730 4176 se
751 4091 932 4190 invicem
954 4085 1162 4174 distantias
1184 4070 1372 4212 seruant,
1418 4116 1496 4174 nec

151 4269 305 4359 corpus
319 4241 495 4358 rigidum
507 4235 633 4328 alium
647 4257 811 4328 motum
824 4239 1007 4352 recipere
1022 4233 1171 4355 potest,
1202 4234 1273 4374 nist
1287 4239 1381 4352 'quo
1395 4235 1497 4332 haec
1596 4267 1604 4278 ·

862 4383 931 4476 ”b
1132 4469 1137 4476 ,
1252 4415 1274 4426 “
1367 4405 1495 4466 con-
