<?xml version="1.0" encoding="UTF-8"?>
<!DOCTYPE html PUBLIC "-//W3C//DTD XHTML 1.0 Transitional//EN"
    "http://www.w3.org/TR/xhtml1/DTD/xhtml1-transitional.dtd">
<html xmlns="http://www.w3.org/1999/xhtml" xml:lang="en" lang="en">
 <head>
  <title>
</title>
<meta http-equiv="Content-Type" content="text/html;charset=utf-8" />
  <meta name='ocr-system' content='tesseract 3.04.00' />
  <meta name='ocr-capabilities' content='ocr_page ocr_carea ocr_par ocr_line ocrx_word'/>
</head>
<body>
  <div class='ocr_page' id='page_1' title='image "./theoriamotvscor01eulegoog_0204.png"; bbox 0 0 3890 4988; ppageno 0'>
   <div class='ocr_carea' id='block_1_1' title="bbox 258 233 1697 447">
    <p class='ocr_par' dir='ltr' id='par_1_1' title="bbox 258 233 1697 447">
     <span class='ocr_line' id='line_1_1' title="bbox 258 233 1697 447; baseline 0.007 -59"><span class='ocrx_word' id='word_1_1' title='bbox 258 293 501 440; x_wconf 82' lang='lat' dir='ltr'><strong>uorus</strong></span> <span class='ocrx_word' id='word_1_2' title='bbox 522 283 864 387; x_wconf 78' lang='lat' dir='ltr'><strong>taruuroau</strong></span> <span class='ocrx_word' id='word_1_3' title='bbox 895 295 933 386; x_wconf 82' lang='lat' dir='ltr'><strong>u</strong></span> <span class='ocrx_word' id='word_1_4' title='bbox 967 293 1209 446; x_wconf 66' lang='lat' dir='ltr'><strong>uulnus</strong></span> <span class='ocrx_word' id='word_1_5' title='bbox 1237 307 1317 400; x_wconf 70' lang='lat' dir='ltr'><strong>ua.</strong></span> <span class='ocrx_word' id='word_1_6' title='bbox 1405 317 1473 447; x_wconf 52' lang='lat'><strong>2⁶5</strong></span> <span class='ocrx_word' id='word_1_7' title='bbox 1534 321 1538 328; x_wconf 46' lang='lat'>=</span> <span class='ocrx_word' id='word_1_8' title='bbox 1577 277 1581 286; x_wconf 82' lang='grc'><em>’</em></span> <span class='ocrx_word' id='word_1_9' title='bbox 1687 233 1697 250; x_wconf 55' lang='grc'><em>’</em></span> 
     </span>
    </p>
   </div>
   <div class='ocr_carea' id='block_1_2' title="bbox 125 494 1527 1106">
    <p class='ocr_par' dir='ltr' id='par_1_2' title="bbox 125 494 1527 1106">
     <span class='ocr_line' id='line_1_2' title="bbox 129 494 1527 605; baseline -0.005 -34"><span class='ocrx_word' id='word_1_10' title='bbox 129 526 217 604; x_wconf 77' lang='lat' dir='ltr'><strong>quern</strong></span> <span class='ocrx_word' id='word_1_11' title='bbox 232 502 283 570; x_wconf 88' lang='lat' dir='ltr'><strong>bic</strong></span> <span class='ocrx_word' id='word_1_12' title='bbox 303 494 555 572; x_wconf 71' lang='lat' dir='ltr'><strong>confideremus.</strong></span> <span class='ocrx_word' id='word_1_13' title='bbox 601 497 749 567; x_wconf 82' lang='lat' dir='ltr'><strong>Priumm</strong></span> <span class='ocrx_word' id='word_1_14' title='bbox 770 521 850 594; x_wconf 80' lang='lat' dir='ltr'><strong>ergo</strong></span> <span class='ocrx_word' id='word_1_15' title='bbox 869 502 997 596; x_wconf 75' lang='lat' dir='ltr'><strong>corpori</strong></span> <span class='ocrx_word' id='word_1_16' title='bbox 1025 497 1156 572; x_wconf 86' lang='lat' dir='ltr'><strong>eaedem</strong></span> <span class='ocrx_word' id='word_1_17' title='bbox 1180 509 1260 576; x_wconf 82' lang='lat' dir='ltr'><strong>uires</strong></span> <span class='ocrx_word' id='word_1_18' title='bbox 1282 499 1350 576; x_wconf 85' lang='lat' dir='ltr'><strong>suot</strong></span> <span class='ocrx_word' id='word_1_19' title='bbox 1370 509 1477 605; x_wconf 81' lang='lat' dir='ltr'><strong>appii.</strong></span> <span class='ocrx_word' id='word_1_20' title='bbox 1520 551 1527 560; x_wconf 84' lang='lat'><em>.</em></span> 
     </span>
     <span class='ocr_line' id='line_1_3' title="bbox 129 595 1471 705; baseline 0.003 -32"><span class='ocrx_word' id='word_1_21' title='bbox 129 605 255 682; x_wconf 78' lang='lat' dir='ltr'><strong>caudae,</strong></span> <span class='ocrx_word' id='word_1_22' title='bbox 280 599 395 698; x_wconf 86' lang='lat' dir='ltr'><strong>quibus</strong></span> <span class='ocrx_word' id='word_1_23' title='bbox 419 599 488 670; x_wconf 74' lang='lat' dir='ltr'><strong>adiu</strong></span> <span class='ocrx_word' id='word_1_24' title='bbox 509 595 708 681; x_wconf 70' lang='lat' dir='ltr'><strong>sollicitatur,</strong></span> <span class='ocrx_word' id='word_1_25' title='bbox 740 621 834 694; x_wconf 79' lang='lat' dir='ltr'><strong>utque</strong></span> <span class='ocrx_word' id='word_1_26' title='bbox 854 597 935 670; x_wconf 87' lang='lat' dir='ltr'><strong>adeo</strong></span> <span class='ocrx_word' id='word_1_27' title='bbox 956 606 987 672; x_wconf 92' lang='lat' dir='ltr'><strong>in</strong></span> <span class='ocrx_word' id='word_1_28' title='bbox 1007 601 1122 690; x_wconf 82' lang='lat' dir='ltr'><strong>iisdem</strong></span> <span class='ocrx_word' id='word_1_29' title='bbox 1143 607 1289 702; x_wconf 68' lang='lat' dir='ltr'><strong>punctis,</strong></span> <span class='ocrx_word' id='word_1_30' title='bbox 1326 613 1397 705; x_wconf 83' lang='lat' dir='ltr'><strong>quia</strong></span> <span class='ocrx_word' id='word_1_31' title='bbox 1420 613 1471 682; x_wconf 89' lang='lat' dir='ltr'><strong>bic</strong></span> 
     </span>
     <span class='ocr_line' id='line_1_4' title="bbox 128 695 1475 798; baseline 0.002 -21"><span class='ocrx_word' id='word_1_32' title='bbox 128 704 222 781; x_wconf 79' lang='lat' dir='ltr'><strong>cerdo,</strong></span> <span class='ocrx_word' id='word_1_33' title='bbox 230 707 272 776; x_wconf 92' lang='lat' dir='ltr'><strong>rei</strong></span> <span class='ocrx_word' id='word_1_34' title='bbox 287 709 321 772; x_wconf 90' lang='lat' dir='ltr'><strong>in</strong></span> <span class='ocrx_word' id='word_1_35' title='bbox 336 699 444 784; x_wconf 54' lang='lat' dir='ltr'><strong>lucian</strong></span> <span class='ocrx_word' id='word_1_36' title='bbox 457 699 574 798; x_wconf 84' lang='lat' dir='ltr'><strong>quibus</strong></span> <span class='ocrx_word' id='word_1_37' title='bbox 586 725 732 798; x_wconf 83' lang='lat' dir='ltr'><strong>quaeque</strong></span> <span class='ocrx_word' id='word_1_38' title='bbox 746 703 826 770; x_wconf 82' lang='lat' dir='ltr'><strong>uires</strong></span> <span class='ocrx_word' id='word_1_39' title='bbox 840 695 911 778; x_wconf 78' lang='lat' dir='ltr'><strong>lmu</strong></span> <span class='ocrx_word' id='word_1_40' title='bbox 925 701 1116 798; x_wconf 72' lang='lat' dir='ltr'><strong>applicatae,</strong></span> <span class='ocrx_word' id='word_1_41' title='bbox 1149 705 1296 777; x_wconf 76' lang='lat' dir='ltr'><strong>variatur.</strong></span> <span class='ocrx_word' id='word_1_42' title='bbox 1354 711 1475 780; x_wconf 81' lang='lat' dir='ltr'><strong>Secun-</strong></span> 
     </span>
     <span class='ocr_line' id='line_1_5' title="bbox 127 801 1509 904; baseline 0.004 -28"><span class='ocrx_word' id='word_1_43' title='bbox 127 806 162 880; x_wconf 88' lang='lat' dir='ltr'><strong>do</strong></span> <span class='ocrx_word' id='word_1_44' title='bbox 175 803 306 904; x_wconf 79' lang='lat' dir='ltr'><strong>singulis</strong></span> <span class='ocrx_word' id='word_1_45' title='bbox 322 801 488 876; x_wconf 77' lang='lat' dir='ltr'><strong>elerucntis</strong></span> <span class='ocrx_word' id='word_1_46' title='bbox 508 805 653 899; x_wconf 86' lang='lat' dir='ltr'><strong>corporis</strong></span> <span class='ocrx_word' id='word_1_47' title='bbox 676 808 755 873; x_wconf 82' lang='lat' dir='ltr'><strong>viret</strong></span> <span class='ocrx_word' id='word_1_48' title='bbox 776 803 922 898; x_wconf 76' lang='lat' dir='ltr'><strong>aequales</strong></span> <span class='ocrx_word' id='word_1_49' title='bbox 944 825 975 876; x_wconf 88' lang='lat' dir='ltr'><strong>et</strong></span> <span class='ocrx_word' id='word_1_50' title='bbox 995 811 1172 876; x_wconf 83' lang='lat' dir='ltr'><strong>contrariae</strong></span> <span class='ocrx_word' id='word_1_51' title='bbox 1192 810 1310 880; x_wconf 87' lang='lat' dir='ltr'><strong>viribus</strong></span> <span class='ocrx_word' id='word_1_52' title='bbox 1330 809 1473 882; x_wconf 85' lang='lat' dir='ltr'><strong>elemen-</strong></span> <span class='ocrx_word' id='word_1_53' title='bbox 1506 867 1509 872; x_wconf 57' lang='grc'><strong><em>,</em></strong></span> 
     </span>
     <span class='ocr_line' id='line_1_6' title="bbox 127 897 1474 1002; baseline 0.002 -22"><span class='ocrx_word' id='word_1_54' title='bbox 127 909 236 980; x_wconf 79' lang='lat' dir='ltr'><strong>aribue</strong></span> <span class='ocrx_word' id='word_1_55' title='bbox 250 903 400 1001; x_wconf 90' lang='lat' dir='ltr'><strong>applicari</strong></span> <span class='ocrx_word' id='word_1_56' title='bbox 422 900 550 998; x_wconf 77' lang='lat' dir='ltr'><strong>debent.</strong></span> <span class='ocrx_word' id='word_1_57' title='bbox 609 901 738 1002; x_wconf 74' lang='lat' dir='ltr'><strong>Scilicet</strong></span> <span class='ocrx_word' id='word_1_58' title='bbox 760 897 781 972; x_wconf 84' lang='lat' dir='ltr'>fi</span> <span class='ocrx_word' id='word_1_59' title='bbox 801 923 1009 976; x_wconf 80' lang='lat' dir='ltr'><strong>momentum</strong></span> <span class='ocrx_word' id='word_1_60' title='bbox 1030 912 1181 978; x_wconf 85' lang='lat' dir='ltr'><strong>omnium</strong></span> <span class='ocrx_word' id='word_1_61' title='bbox 1204 915 1319 980; x_wconf 88' lang='lat' dir='ltr'><strong>virium</strong></span> <span class='ocrx_word' id='word_1_62' title='bbox 1340 910 1378 982; x_wconf 91' lang='lat' dir='ltr'><strong>ad</strong></span> <span class='ocrx_word' id='word_1_63' title='bbox 1403 937 1474 984; x_wconf 88' lang='lat' dir='ltr'><strong>mo·</strong></span> 
     </span>
     <span class='ocr_line' id='line_1_7' title="bbox 125 999 1476 1106; baseline 0.001 -22"><span class='ocrx_word' id='word_1_64' title='bbox 125 1029 184 1084; x_wconf 92' lang='lat' dir='ltr'><strong>tum</strong></span> <span class='ocrx_word' id='word_1_65' title='bbox 199 1005 441 1080; x_wconf 86' lang='lat' dir='ltr'><strong>accelerandum</strong></span> <span class='ocrx_word' id='word_1_66' title='bbox 455 999 552 1076; x_wconf 78' lang='lat' dir='ltr'><strong>bieria</strong></span> <span class='ocrx_word' id='word_1_67' title='bbox 565 1031 602 1072; x_wconf 67' lang='grc' dir='ltr'>ε</span> <span class='ocrx_word' id='word_1_68' title='bbox 617 1005 683 1098; x_wconf 81' lang='lat' dir='ltr'><strong>Vs,</strong></span> <span class='ocrx_word' id='word_1_69' title='bbox 715 1024 784 1078; x_wconf 87' lang='lat' dir='ltr'><strong>mm</strong></span> <span class='ocrx_word' id='word_1_70' title='bbox 804 1003 969 1076; x_wconf 88' lang='lat' dir='ltr'><strong>elemento</strong></span> <span class='ocrx_word' id='word_1_71' title='bbox 990 1008 1052 1076; x_wconf 83' lang='lat' dir='ltr'><strong>dlvi</strong></span> <span class='ocrx_word' id='word_1_72' title='bbox 1076 1006 1115 1078; x_wconf 92' lang='lat' dir='ltr'><strong>ad</strong></span> <span class='ocrx_word' id='word_1_73' title='bbox 1136 1007 1316 1106; x_wconf 83' lang='lat' dir='ltr'><strong>dillautiam</strong></span> <span class='ocrx_word' id='word_1_74' title='bbox 1335 1045 1375 1082; x_wconf 77' lang='grc' dir='ltr'><strong>..τ</strong></span> <span class='ocrx_word' id='word_1_75' title='bbox 1391 1039 1413 1084; x_wconf 82' lang='lat' dir='ltr'><strong>r</strong></span> <span class='ocrx_word' id='word_1_76' title='bbox 1431 1015 1476 1085; x_wconf 54' lang='lat' dir='ltr'><strong>ab*</strong></span> 
     </span>
    </p>
   </div>
   <div class='ocr_carea' id='block_1_3' title="bbox 124 1101 1584 1212">
    <p class='ocr_par' dir='ltr' id='par_1_3' title="bbox 124 1101 1584 1212">
     <span class='ocr_line' id='line_1_8' title="bbox 124 1101 1584 1212; baseline 0.003 -30"><span class='ocrx_word' id='word_1_77' title='bbox 124 1137 173 1184; x_wconf 88' lang='lat' dir='ltr'><strong>are</strong></span> <span class='ocrx_word' id='word_1_78' title='bbox 185 1129 317 1183; x_wconf 75' lang='lat' dir='ltr'><strong>teranto</strong></span> <span class='ocrx_word' id='word_1_79' title='bbox 331 1101 506 1200; x_wconf 80' lang='lat' dir='ltr'><strong>secundum</strong></span> <span class='ocrx_word' id='word_1_80' title='bbox 529 1103 742 1178; x_wconf 81' lang='lat' dir='ltr'><strong>dircdlionem</strong></span> <span class='ocrx_word' id='word_1_81' title='bbox 762 1109 866 1176; x_wconf 86' lang='lat' dir='ltr'><strong>motui</strong></span> <span class='ocrx_word' id='word_1_82' title='bbox 888 1108 953 1194; x_wconf 78' lang='lat' dir='ltr'><strong>ejus</strong></span> <span class='ocrx_word' id='word_1_83' title='bbox 974 1113 1168 1194; x_wconf 82' lang='lat' dir='ltr'><strong>contrariam</strong></span> <span class='ocrx_word' id='word_1_84' title='bbox 1191 1111 1345 1212; x_wconf 87' lang='lat' dir='ltr'><strong>applicata</strong></span> <span class='ocrx_word' id='word_1_85' title='bbox 1363 1121 1474 1188; x_wconf 79' lang='lat' dir='ltr'><strong>corici·</strong></span> <span class='ocrx_word' id='word_1_86' title='bbox 1581 1191 1584 1196; x_wconf 71' lang='grc'>,</span> 
     </span>
    </p>
   </div>
   <div class='ocr_carea' id='block_1_4' title="bbox 124 1209 1472 1386">
    <p class='ocr_par' dir='ltr' id='par_1_4' title="bbox 124 1209 1472 1386">
     <span class='ocr_line' id='line_1_9' title="bbox 386 1209 1265 1300; baseline 0.003 -23.357"><span class='ocrx_word' id='word_1_87' title='bbox 386 1209 699 1300; x_wconf 72' lang='lat' dir='ltr'><strong>Vfrdlvl·‚,</strong></span> <span class='ocrx_word' id='word_1_88' title='bbox 813 1237 868 1291; x_wconf 72' lang='grc'><strong>·,</strong></span> <span class='ocrx_word' id='word_1_89' title='bbox 1066 1278 1072 1293; x_wconf 80' lang='grc'><strong>,</strong></span> <span class='ocrx_word' id='word_1_90' title='bbox 1262 1273 1265 1279; x_wconf 93' lang='grc'><em>,</em></span> 
     </span>
     <span class='ocr_line' id='line_1_10' title="bbox 124 1267 1472 1386; baseline 0.002 -34"><span class='ocrx_word' id='word_1_91' title='bbox 124 1300 332 1384; x_wconf 82' lang='lat' dir='ltr'><strong>patmus:</strong></span> <span class='ocrx_word' id='word_1_92' title='bbox 356 1315 462 1332; x_wconf 81' lang='lat'><em>-—-·-</em></span> <span class='ocrx_word' id='word_1_93' title='bbox 498 1319 556 1348; x_wconf 83' lang='lat'><strong>-.</strong></span> <span class='ocrx_word' id='word_1_94' title='bbox 615 1267 1245 1374; x_wconf 67' lang='lat' dir='ltr'><strong>seruoficolerrtasaugulausfit=3,</strong></span> <span class='ocrx_word' id='word_1_95' title='bbox 1277 1277 1472 1386; x_wconf 75' lang='lat' dir='ltr'><strong>obuiorum</strong></span> 
     </span>
    </p>
   </div>
   <div class='ocr_carea' id='block_1_5' title="bbox 381 1342 1471 1533">
    <p class='ocr_par' dir='ltr' id='par_1_5' title="bbox 381 1342 1471 1533">
     <span class='ocr_line' id='line_1_11' title="bbox 381 1342 505 1440; baseline 0.024 -29"><span class='ocrx_word' id='word_1_96' title='bbox 381 1342 505 1440; x_wconf 79' lang='lat' dir='ltr'><strong>srrdbtl</strong></span> 
     </span>
     <span class='ocr_line' id='line_1_12' title="bbox 1233 1451 1471 1533; baseline 0.008 -11"><span class='ocrx_word' id='word_1_97' title='bbox 1233 1451 1362 1533; x_wconf 66' lang='lat' dir='ltr'><strong>uordlvl</strong></span> <span class='ocrx_word' id='word_1_98' title='bbox 1468 1482 1471 1492; x_wconf 74' lang='lat'><em>¹</em></span> 
     </span>
    </p>
   </div>
   <div class='ocr_carea' id='block_1_6' title="bbox 117 1509 1556 2272">
    <p class='ocr_par' dir='ltr' id='par_1_6' title="bbox 117 1509 1556 2272">
     <span class='ocr_line' id='line_1_13' title="bbox 123 1509 1474 1662; baseline -0.006 -71"><span class='ocrx_word' id='word_1_99' title='bbox 123 1521 319 1622; x_wconf 77' lang='lat' dir='ltr'><strong>gyratorimn</strong></span> <span class='ocrx_word' id='word_1_100' title='bbox 333 1513 498 1587; x_wconf 84' lang='lat' dir='ltr'><strong>elemento</strong></span> <span class='ocrx_word' id='word_1_101' title='bbox 513 1509 558 1582; x_wconf 90' lang='lat' dir='ltr'><strong>illi</strong></span> <span class='ocrx_word' id='word_1_102' title='bbox 571 1535 702 1612; x_wconf 83' lang='lat' dir='ltr'><strong>quoque</strong></span> <span class='ocrx_word' id='word_1_103' title='bbox 719 1509 872 1612; x_wconf 87' lang='lat' dir='ltr'><strong>applicata</strong></span> <span class='ocrx_word' id='word_1_104' title='bbox 886 1515 1085 1613; x_wconf 82' lang='lat' dir='ltr'><strong>concipiatur</strong></span> <span class='ocrx_word' id='word_1_105' title='bbox 1099 1521 1143 1590; x_wconf 82' lang='lat' dir='ltr'><strong>uie</strong></span> <span class='ocrx_word' id='word_1_106' title='bbox 1157 1549 1193 1587; x_wconf 69' lang='grc' dir='ltr'><strong>,τ</strong></span> <span class='ocrx_word' id='word_1_107' title='bbox 1217 1561 1386 1662; x_wconf 53' lang='grc' dir='ltr'>-ἶ--Ἶ</span> <span class='ocrx_word' id='word_1_108' title='bbox 1410 1544 1474 1620; x_wconf 64' lang='lat' dir='ltr'><strong>que</strong></span> 
     </span>
     <span class='ocr_line' id='line_1_14' title="bbox 122 1611 1474 1791; baseline -0.001 -26"><span class='ocrx_word' id='word_1_109' title='bbox 122 1690 234 1765; x_wconf 69' lang='lat' dir='ltr'><strong>diredle</strong></span> <span class='ocrx_word' id='word_1_110' title='bbox 249 1685 287 1760; x_wconf 87' lang='lat' dir='ltr'><strong>ab</strong></span> <span class='ocrx_word' id='word_1_111' title='bbox 301 1711 359 1758; x_wconf 82' lang='lat' dir='ltr'><strong>axe</strong></span> <span class='ocrx_word' id='word_1_112' title='bbox 372 1681 531 1758; x_wconf 77' lang='lat' dir='ltr'><strong>avellatur.</strong></span> <span class='ocrx_word' id='word_1_113' title='bbox 584 1684 707 1780; x_wconf 81' lang='lat' dir='ltr'><strong>Qrarto</strong></span> <span class='ocrx_word' id='word_1_114' title='bbox 722 1689 770 1756; x_wconf 85' lang='lat' dir='ltr'><strong>axi</strong></span> <span class='ocrx_word' id='word_1_115' title='bbox 786 1684 984 1784; x_wconf 81' lang='lat' dir='ltr'><strong>applicentur</strong></span> <span class='ocrx_word' id='word_1_116' title='bbox 998 1683 1081 1786; x_wconf 86' lang='lat' dir='ltr'><strong>ipsae</strong></span> <span class='ocrx_word' id='word_1_117' title='bbox 1102 1685 1174 1762; x_wconf 87' lang='lat' dir='ltr'><strong>illae</strong></span> <span class='ocrx_word' id='word_1_118' title='bbox 1193 1611 1412 1791; x_wconf 56' lang='lat' dir='ltr'><strong>virpngquae</strong></span> <span class='ocrx_word' id='word_1_119' title='bbox 1433 1687 1474 1764; x_wconf 84' lang='lat' dir='ltr'><strong>ad</strong></span> 
     </span>
     <span class='ocr_line' id='line_1_15' title="bbox 120 1786 1474 1890; baseline -0.003 -22"><span class='ocrx_word' id='word_1_120' title='bbox 120 1797 183 1884; x_wconf 86' lang='lat' dir='ltr'><strong>ejus</strong></span> <span class='ocrx_word' id='word_1_121' title='bbox 203 1788 465 1866; x_wconf 75' lang='lat' dir='ltr'><strong>insinuationem</strong></span> <span class='ocrx_word' id='word_1_122' title='bbox 485 1788 715 1884; x_wconf 83' lang='lat' dir='ltr'><strong>requiruntur,</strong></span> <span class='ocrx_word' id='word_1_123' title='bbox 751 1805 782 1858; x_wconf 86' lang='lat' dir='ltr'><strong>et</strong></span> <span class='ocrx_word' id='word_1_124' title='bbox 802 1813 884 1885; x_wconf 89' lang='lat' dir='ltr'><strong>quae</strong></span> <span class='ocrx_word' id='word_1_125' title='bbox 904 1793 937 1858; x_wconf 88' lang='lat' dir='ltr'><strong>iu</strong></span> <span class='ocrx_word' id='word_1_126' title='bbox 959 1787 1156 1884; x_wconf 78' lang='lat' dir='ltr'><strong>problemate</strong></span> <span class='ocrx_word' id='word_1_127' title='bbox 1175 1787 1383 1890; x_wconf 87' lang='lat' dir='ltr'><strong>praecedente</strong></span> <span class='ocrx_word' id='word_1_128' title='bbox 1402 1786 1474 1866; x_wconf 87' lang='lat' dir='ltr'><strong>lunt</strong></span> 
     </span>
     <span class='ocr_line' id='line_1_16' title="bbox 120 1881 1556 1994; baseline -0.003 -26"><span class='ocrx_word' id='word_1_129' title='bbox 120 1891 303 1994; x_wconf 82' lang='lat' dir='ltr'><strong>albguatae.</strong></span> <span class='ocrx_word' id='word_1_130' title='bbox 354 1885 498 1960; x_wconf 71' lang='lat' dir='ltr'><strong>Cuullae</strong></span> <span class='ocrx_word' id='word_1_131' title='bbox 513 1889 576 1974; x_wconf 76' lang='lat' dir='ltr'><strong>jam</strong></span> <span class='ocrx_word' id='word_1_132' title='bbox 591 1881 665 1956; x_wconf 84' lang='lat' dir='ltr'><strong>illae</strong></span> <span class='ocrx_word' id='word_1_133' title='bbox 680 1890 761 1958; x_wconf 88' lang='lat' dir='ltr'><strong>vires</strong></span> <span class='ocrx_word' id='word_1_134' title='bbox 773 1893 902 1984; x_wconf 87' lang='lat' dir='ltr'><strong>corpori</strong></span> <span class='ocrx_word' id='word_1_135' title='bbox 921 1887 1094 1985; x_wconf 84' lang='lat' dir='ltr'><strong>applicatae</strong></span> <span class='ocrx_word' id='word_1_136' title='bbox 1110 1885 1140 1962; x_wconf 85' lang='lat' dir='ltr'><strong>le</strong></span> <span class='ocrx_word' id='word_1_137' title='bbox 1154 1913 1275 1986; x_wconf 83' lang='lat' dir='ltr'><strong>mutuo</strong></span> <span class='ocrx_word' id='word_1_138' title='bbox 1292 1882 1328 1964; x_wconf 83' lang='lat' dir='ltr'><strong>in</strong></span> <span class='ocrx_word' id='word_1_139' title='bbox 1340 1891 1474 1992; x_wconf 88' lang='lat' dir='ltr'><strong>aequili·</strong></span> <span class='ocrx_word' id='word_1_140' title='bbox 1554 1943 1556 1946; x_wconf 92' lang='lat'>-</span> 
     </span>
     <span class='ocr_line' id='line_1_17' title="bbox 118 1985 1473 2086; baseline -0.002 -18"><span class='ocrx_word' id='word_1_141' title='bbox 118 1997 190 2068; x_wconf 87' lang='lat' dir='ltr'><strong>brio</strong></span> <span class='ocrx_word' id='word_1_142' title='bbox 204 1989 394 2070; x_wconf 69' lang='lat' dir='ltr'><strong>servabunt,</strong></span> <span class='ocrx_word' id='word_1_143' title='bbox 414 2011 444 2061; x_wconf 90' lang='lat' dir='ltr'><strong>et</strong></span> <span class='ocrx_word' id='word_1_144' title='bbox 458 1985 595 2086; x_wconf 83' lang='lat' dir='ltr'><strong>fingulas</strong></span> <span class='ocrx_word' id='word_1_145' title='bbox 609 1989 674 2076; x_wconf 78' lang='lat' dir='ltr'><strong>ejus</strong></span> <span class='ocrx_word' id='word_1_146' title='bbox 697 2005 800 2086; x_wconf 88' lang='lat' dir='ltr'><strong>partes</strong></span> <span class='ocrx_word' id='word_1_147' title='bbox 820 2009 919 2084; x_wconf 82' lang='lat' dir='ltr'><strong>aeque</strong></span> <span class='ocrx_word' id='word_1_148' title='bbox 938 1985 1168 2076; x_wconf 86' lang='lat' dir='ltr'><strong>sollicitabunt,</strong></span> <span class='ocrx_word' id='word_1_149' title='bbox 1184 1993 1189 1997; x_wconf 76' lang='grc'><strong>’</strong></span> <span class='ocrx_word' id='word_1_150' title='bbox 1206 2017 1242 2063; x_wconf 92' lang='lat' dir='ltr'><strong>ac</strong></span> <span class='ocrx_word' id='word_1_151' title='bbox 1262 1990 1298 2064; x_wconf 87' lang='lat' dir='ltr'><strong>fit</strong></span> <span class='ocrx_word' id='word_1_152' title='bbox 1323 1997 1356 2066; x_wconf 85' lang='lat' dir='ltr'><strong>iu</strong></span> <span class='ocrx_word' id='word_1_153' title='bbox 1379 2014 1473 2065; x_wconf 89' lang='lat' dir='ltr'><strong>motu</strong></span> 
     </span>
     <span class='ocr_line' id='line_1_18' title="bbox 117 2087 1550 2200; baseline -0.003 -34"><span class='ocrx_word' id='word_1_154' title='bbox 117 2093 301 2200; x_wconf 78' lang='lat' dir='ltr'><strong>proposito.</strong></span> <span class='ocrx_word' id='word_1_155' title='bbox 353 2094 441 2163; x_wconf 89' lang='lat' dir='ltr'><strong>Hinc</strong></span> <span class='ocrx_word' id='word_1_156' title='bbox 466 2117 505 2161; x_wconf 88' lang='lat' dir='ltr'><strong>ue</strong></span> <span class='ocrx_word' id='word_1_157' title='bbox 518 2113 598 2186; x_wconf 79' lang='lat' dir='ltr'><strong>ergo</strong></span> <span class='ocrx_word' id='word_1_158' title='bbox 611 2087 762 2160; x_wconf 89' lang='lat' dir='ltr'><strong>concludi</strong></span> <span class='ocrx_word' id='word_1_159' title='bbox 783 2094 916 2186; x_wconf 88' lang='lat' dir='ltr'><strong>poterit,</strong></span> <span class='ocrx_word' id='word_1_160' title='bbox 941 2116 1040 2189; x_wconf 89' lang='lat' dir='ltr'><strong>quam</strong></span> <span class='ocrx_word' id='word_1_161' title='bbox 1061 2089 1198 2166; x_wconf 88' lang='lat' dir='ltr'><strong>firmiter</strong></span> <span class='ocrx_word' id='word_1_162' title='bbox 1216 2099 1328 2164; x_wconf 86' lang='lat' dir='ltr'><strong>omnia</strong></span> <span class='ocrx_word' id='word_1_163' title='bbox 1355 2117 1473 2191; x_wconf 89' lang='lat' dir='ltr'><strong>corpo·</strong></span> <span class='ocrx_word' id='word_1_164' title='bbox 1547 2151 1550 2162; x_wconf 80' lang='grc'>,</span> 
     </span>
     <span class='ocr_line' id='line_1_19' title="bbox 119 2117 1473 2272; baseline -0.004 0"><span class='ocrx_word' id='word_1_165' title='bbox 119 2203 159 2272; x_wconf 86' lang='lat' dir='ltr'><strong>ris</strong></span> <span class='ocrx_word' id='word_1_166' title='bbox 174 2197 333 2269; x_wconf 86' lang='lat' dir='ltr'><strong>elementa</strong></span> <span class='ocrx_word' id='word_1_167' title='bbox 350 2117 485 2263; x_wconf 56' lang='lat' dir='ltr'><strong>intenlio</strong></span> <span class='ocrx_word' id='word_1_168' title='bbox 502 2191 677 2262; x_wconf 86' lang='lat' dir='ltr'><strong>cohaerere</strong></span> <span class='ocrx_word' id='word_1_169' title='bbox 695 2186 850 2271; x_wconf 85' lang='lat' dir='ltr'><strong>debcant,</strong></span> <span class='ocrx_word' id='word_1_170' title='bbox 882 2215 924 2262; x_wconf 84' lang='lat' dir='ltr'><strong>ne</strong></span> <span class='ocrx_word' id='word_1_171' title='bbox 944 2193 984 2262; x_wconf 90' lang='lat' dir='ltr'><strong>nb</strong></span> <span class='ocrx_word' id='word_1_172' title='bbox 1005 2190 1066 2264; x_wconf 84' lang='lat' dir='ltr'><strong>illis</strong></span> <span class='ocrx_word' id='word_1_173' title='bbox 1084 2191 1285 2266; x_wconf 76' lang='lat' dir='ltr'><strong>viribusuba</strong></span> <span class='ocrx_word' id='word_1_174' title='bbox 1308 2182 1473 2269; x_wconf 75' lang='lat' dir='ltr'><strong>dissolutio</strong></span> 
     </span>
    </p>
   </div>
   <div class='ocr_carea' id='block_1_7' title="bbox 119 2285 1424 2398">
    <p class='ocr_par' dir='ltr' id='par_1_7' title="bbox 119 2285 1424 2398">
     <span class='ocr_line' id='line_1_20' title="bbox 119 2285 1424 2398; baseline -0.004 -26"><span class='ocrx_word' id='word_1_175' title='bbox 119 2317 171 2372; x_wconf 87' lang='lat' dir='ltr'><strong>aut</strong></span> <span class='ocrx_word' id='word_1_176' title='bbox 184 2295 300 2372; x_wconf 82' lang='lat' dir='ltr'><strong>laxatio</strong></span> <span class='ocrx_word' id='word_1_177' title='bbox 312 2291 525 2396; x_wconf 83' lang='lat' dir='ltr'><strong>producatur,</strong></span> <span class='ocrx_word' id='word_1_178' title='bbox 551 2285 604 2366; x_wconf 87' lang='lat' dir='ltr'><strong>sed</strong></span> <span class='ocrx_word' id='word_1_179' title='bbox 620 2315 736 2390; x_wconf 85' lang='lat' dir='ltr'><strong>corpus</strong></span> <span class='ocrx_word' id='word_1_180' title='bbox 752 2287 894 2398; x_wconf 86' lang='lat' dir='ltr'><strong>figuram</strong></span> <span class='ocrx_word' id='word_1_181' title='bbox 908 2285 998 2371; x_wconf 80' lang='lat' dir='ltr'><strong>stram</strong></span> <span class='ocrx_word' id='word_1_182' title='bbox 1014 2297 1237 2386; x_wconf 69' lang='lat' dir='ltr'><strong>incunctatam</strong></span> <span class='ocrx_word' id='word_1_183' title='bbox 1251 2291 1424 2376; x_wconf 85' lang='lat' dir='ltr'><strong>conservet.</strong></span> 
     </span>
    </p>
   </div>
   <div class='ocr_carea' id='block_1_8' title="bbox 404 2444 991 2575">
    <p class='ocr_par' dir='ltr' id='par_1_8' title="bbox 404 2444 991 2575">
     <span class='ocr_line' id='line_1_21' title="bbox 404 2444 991 2575; baseline -0.007 0"><span class='ocrx_word' id='word_1_184' title='bbox 404 2444 514 2575; x_wconf 38' lang='lat'><strong>,¹</strong></span> <span class='ocrx_word' id='word_1_185' title='bbox 601 2490 991 2573; x_wconf 61' lang='lat' dir='ltr'><strong>coaonae</strong></span> 
     </span>
    </p>
   </div>
   <div class='ocr_carea' id='block_1_9' title="bbox 122 2614 1571 2930">
    <p class='ocr_par' dir='ltr' id='par_1_9' title="bbox 122 2614 1571 2930">
     <span class='ocr_line' id='line_1_22' title="bbox 217 2614 1470 2722; baseline -0.003 -22"><span class='ocrx_word' id='word_1_186' title='bbox 217 2647 304 2718; x_wconf 83' lang='lat'><strong>419.</strong></span> <span class='ocrx_word' id='word_1_187' title='bbox 332 2627 365 2698; x_wconf 88' lang='lat' dir='ltr'><strong>Si</strong></span> <span class='ocrx_word' id='word_1_188' title='bbox 379 2628 631 2722; x_wconf 78' lang='lat' dir='ltr'><strong>nexuepartium</strong></span> <span class='ocrx_word' id='word_1_189' title='bbox 644 2620 783 2698; x_wconf 81' lang='lat' dir='ltr'><strong>debilior</strong></span> <span class='ocrx_word' id='word_1_190' title='bbox 799 2614 910 2708; x_wconf 87' lang='lat' dir='ltr'><strong>luerit,</strong></span> <span class='ocrx_word' id='word_1_191' title='bbox 943 2647 1042 2722; x_wconf 81' lang='lat' dir='ltr'><strong>quana</strong></span> <span class='ocrx_word' id='word_1_192' title='bbox 1063 2643 1100 2696; x_wconf 86' lang='lat' dir='ltr'><strong>ut</strong></span> <span class='ocrx_word' id='word_1_193' title='bbox 1118 2623 1238 2698; x_wconf 75' lang='lat' dir='ltr'><strong>actioni</strong></span> <span class='ocrx_word' id='word_1_194' title='bbox 1261 2627 1375 2700; x_wconf 87' lang='lat' dir='ltr'><strong>barum</strong></span> <span class='ocrx_word' id='word_1_195' title='bbox 1397 2626 1470 2696; x_wconf 82' lang='lat' dir='ltr'><strong>viri·</strong></span> 
     </span>
     <span class='ocr_line' id='line_1_23' title="bbox 122 2720 1571 2829; baseline -0.001 -27"><span class='ocrx_word' id='word_1_196' title='bbox 122 2751 195 2816; x_wconf 84' lang='lat' dir='ltr'><strong>um,</strong></span> <span class='ocrx_word' id='word_1_197' title='bbox 218 2753 297 2829; x_wconf 86' lang='lat' dir='ltr'><strong>quas</strong></span> <span class='ocrx_word' id='word_1_198' title='bbox 319 2726 422 2798; x_wconf 90' lang='lat' dir='ltr'><strong>modo</strong></span> <span class='ocrx_word' id='word_1_199' title='bbox 441 2723 664 2810; x_wconf 79' lang='lat' dir='ltr'><strong>definivimus,</strong></span> <span class='ocrx_word' id='word_1_200' title='bbox 705 2720 845 2800; x_wconf 79' lang='lat' dir='ltr'><strong>resiliero</strong></span> <span class='ocrx_word' id='word_1_201' title='bbox 866 2723 987 2809; x_wconf 85' lang='lat' dir='ltr'><strong>valeat,</strong></span> <span class='ocrx_word' id='word_1_202' title='bbox 1025 2731 1182 2826; x_wconf 87' lang='lat' dir='ltr'><strong>quoniam</strong></span> <span class='ocrx_word' id='word_1_203' title='bbox 1205 2725 1308 2828; x_wconf 84' lang='lat' dir='ltr'><strong>figura</strong></span> <span class='ocrx_word' id='word_1_204' title='bbox 1328 2733 1473 2825; x_wconf 75' lang='lat' dir='ltr'><strong>corporis</strong></span> <span class='ocrx_word' id='word_1_205' title='bbox 1568 2721 1571 2726; x_wconf 15' lang='grc' dir='ltr'><strong>Δ</strong></span> 
     </span>
     <span class='ocr_line' id='line_1_24' title="bbox 122 2823 1476 2930; baseline -0.002 -30"><span class='ocrx_word' id='word_1_206' title='bbox 122 2853 226 2903; x_wconf 83' lang='lat' dir='ltr'><strong>revera</strong></span> <span class='ocrx_word' id='word_1_207' title='bbox 260 2834 476 2902; x_wconf 75' lang='lat' dir='ltr'><strong>runcationem</strong></span> <span class='ocrx_word' id='word_1_208' title='bbox 508 2831 670 2930; x_wconf 84' lang='lat' dir='ltr'><strong>patietur,</strong></span> <span class='ocrx_word' id='word_1_209' title='bbox 709 2823 742 2900; x_wconf 89' lang='lat' dir='ltr'><strong>id</strong></span> <span class='ocrx_word' id='word_1_210' title='bbox 763 2829 887 2898; x_wconf 88' lang='lat' dir='ltr'><strong>ratione</strong></span> <span class='ocrx_word' id='word_1_211' title='bbox 907 2846 1016 2899; x_wconf 81' lang='lat' dir='ltr'><strong>motus</strong></span> <span class='ocrx_word' id='word_1_212' title='bbox 1034 2853 1105 2925; x_wconf 77' lang='lat' dir='ltr'><strong>uon</strong></span> <span class='ocrx_word' id='word_1_213' title='bbox 1127 2851 1188 2928; x_wconf 88' lang='lat' dir='ltr'><strong>pro</strong></span> <span class='ocrx_word' id='word_1_214' title='bbox 1213 2827 1320 2929; x_wconf 85' lang='lat' dir='ltr'><strong>rigido</strong></span> <span class='ocrx_word' id='word_1_215' title='bbox 1337 2833 1396 2900; x_wconf 87' lang='lat' dir='ltr'><strong>erit</strong></span> <span class='ocrx_word' id='word_1_216' title='bbox 1415 2829 1476 2898; x_wconf 84' lang='lat' dir='ltr'><strong>ha·</strong></span> 
     </span>
    </p>
   </div>
   <div class='ocr_carea' id='block_1_10' title="bbox 124 2930 275 3008">
    <p class='ocr_par' dir='ltr' id='par_1_10' title="bbox 124 2930 275 3008">
     <span class='ocr_line' id='line_1_25' title="bbox 124 2930 275 3008; baseline -0.013 -2"><span class='ocrx_word' id='word_1_217' title='bbox 124 2930 275 3008; x_wconf 82' lang='lat' dir='ltr'><strong>bendum.</strong></span> 
     </span>
    </p>
   </div>
   <div class='ocr_carea' id='block_1_11' title="bbox 528 3037 1001 3178">
    <p class='ocr_par' dir='ltr' id='par_1_11' title="bbox 528 3037 1001 3178">
     <span class='ocr_line' id='line_1_26' title="bbox 528 3037 1001 3178; baseline -0.002 -23"><span class='ocrx_word' id='word_1_218' title='bbox 528 3037 1001 3178; x_wconf 54' lang='lat' dir='ltr'><strong>&#39;coaonae</strong></span> 
     </span>
    </p>
   </div>
   <div class='ocr_carea' id='block_1_12' title="bbox 125 3215 1534 3502">
    <p class='ocr_par' dir='ltr' id='par_1_12' title="bbox 125 3215 1534 3502">
     <span class='ocr_line' id='line_1_27' title="bbox 221 3215 1534 3324; baseline -0.002 -28"><span class='ocrx_word' id='word_1_219' title='bbox 221 3247 308 3314; x_wconf 82' lang='lat'><strong>4²0·</strong></span> <span class='ocrx_word' id='word_1_220' title='bbox 332 3215 531 3299; x_wconf 74' lang='lat' dir='ltr'><strong>bss&#39;umimus</strong></span> <span class='ocrx_word' id='word_1_221' title='bbox 544 3243 625 3320; x_wconf 88' lang='lat' dir='ltr'><strong>ergo</strong></span> <span class='ocrx_word' id='word_1_222' title='bbox 639 3215 822 3304; x_wconf 81' lang='lat' dir='ltr'><strong>constanter</strong></span> <span class='ocrx_word' id='word_1_223' title='bbox 834 3245 951 3294; x_wconf 84' lang='lat' dir='ltr'><strong>omnes</strong></span> <span class='ocrx_word' id='word_1_224' title='bbox 965 3225 1111 3320; x_wconf 87' lang='lat' dir='ltr'><strong>eorporis</strong></span> <span class='ocrx_word' id='word_1_225' title='bbox 1125 3221 1293 3324; x_wconf 87' lang='lat' dir='ltr'><strong>particulas</strong></span> <span class='ocrx_word' id='word_1_226' title='bbox 1308 3237 1371 3294; x_wconf 91' lang='lat' dir='ltr'><strong>tam</strong></span> <span class='ocrx_word' id='word_1_227' title='bbox 1385 3219 1471 3294; x_wconf 74' lang='lat' dir='ltr'><strong>nile</strong></span> <span class='ocrx_word' id='word_1_228' title='bbox 1524 3313 1534 3318; x_wconf 77' lang='lat'><strong>-</strong></span> 
     </span>
     <span class='ocr_line' id='line_1_28' title="bbox 125 3318 1470 3425; baseline 0.001 -29"><span class='ocrx_word' id='word_1_229' title='bbox 125 3321 244 3420; x_wconf 77' lang='lat' dir='ltr'><strong>iuterse</strong></span> <span class='ocrx_word' id='word_1_230' title='bbox 257 3319 319 3398; x_wconf 81' lang='lat' dir='ltr'><strong>eli&#39;e</strong></span> <span class='ocrx_word' id='word_1_231' title='bbox 332 3347 512 3408; x_wconf 83' lang='lat' dir='ltr'><strong>connexas,</strong></span> <span class='ocrx_word' id='word_1_232' title='bbox 538 3341 573 3396; x_wconf 92' lang='lat' dir='ltr'><strong>ut</strong></span> <span class='ocrx_word' id='word_1_233' title='bbox 585 3325 665 3395; x_wconf 78' lang='lat' dir='ltr'><strong>vires</strong></span> <span class='ocrx_word' id='word_1_234' title='bbox 678 3331 873 3396; x_wconf 78' lang='lat' dir='ltr'><strong>memoratas</strong></span> <span class='ocrx_word' id='word_1_235' title='bbox 888 3318 1041 3396; x_wconf 84' lang='lat' dir='ltr'><strong>line-ulla</strong></span> <span class='ocrx_word' id='word_1_236' title='bbox 1060 3323 1254 3400; x_wconf 84' lang='lat' dir='ltr'><strong>relaxatione</strong></span> <span class='ocrx_word' id='word_1_237' title='bbox 1274 3341 1334 3396; x_wconf 79' lang='lat' dir='ltr'><strong>aut·</strong></span> <span class='ocrx_word' id='word_1_238' title='bbox 1348 3320 1470 3425; x_wconf 80' lang='lat' dir='ltr'><strong>figurae</strong></span> 
     </span>
     <span class='ocr_line' id='line_1_29' title="bbox 126 3421 1291 3502; baseline -0.002 -4"><span class='ocrx_word' id='word_1_239' title='bbox 126 3431 297 3502; x_wconf 82' lang='lat' dir='ltr'><strong>mutacione</strong></span> <span class='ocrx_word' id='word_1_240' title='bbox 311 3421 462 3501; x_wconf 83' lang='lat' dir='ltr'><strong>briliucre</strong></span> <span class='ocrx_word' id='word_1_241' title='bbox 484 3423 617 3500; x_wconf 84' lang='lat' dir='ltr'><strong>valeant.</strong></span> <span class='ocrx_word' id='word_1_242' title='bbox 976 3427 978 3432; x_wconf 79' lang='grc'><strong>’</strong></span> <span class='ocrx_word' id='word_1_243' title='bbox 1288 3436 1291 3446; x_wconf 88' lang='grc'><strong>“</strong></span> 
     </span>
    </p>
   </div>
   <div class='ocr_carea' id='block_1_13' title="bbox 299 3564 1013 3716">
    <p class='ocr_par' dir='ltr' id='par_1_13' title="bbox 299 3564 1013 3716">
     <span class='ocr_line' id='line_1_30' title="bbox 299 3564 1013 3716; baseline 0 -30"><span class='ocrx_word' id='word_1_244' title='bbox 299 3613 303 3618; x_wconf 92' lang='grc'><strong><em>·</em></strong></span> <span class='ocrx_word' id='word_1_245' title='bbox 395 3564 454 3698; x_wconf 49' lang='grc' dir='ltr'><em>χ</em></span> <span class='ocrx_word' id='word_1_246' title='bbox 620 3578 1013 3716; x_wconf 59' lang='lat' dir='ltr'><strong>smwnmuj</strong></span> 
     </span>
    </p>
   </div>
   <div class='ocr_carea' id='block_1_14' title="bbox 226 3691 1632 3844">
    <p class='ocr_par' dir='ltr' id='par_1_14' title="bbox 226 3691 1632 3844">
     <span class='ocr_line' id='line_1_31' title="bbox 226 3691 1632 3844; baseline 0.001 -30"><span class='ocrx_word' id='word_1_247' title='bbox 226 3691 327 3834; x_wconf 46' lang='lat' dir='ltr'><strong>aar.w</strong></span> <span class='ocrx_word' id='word_1_248' title='bbox 344 3743 437 3816; x_wconf 87' lang='lat' dir='ltr'><strong>Haee</strong></span> <span class='ocrx_word' id='word_1_249' title='bbox 455 3745 552 3842; x_wconf 82' lang='lat' dir='ltr'><strong>igitur</strong></span> <span class='ocrx_word' id='word_1_250' title='bbox 569 3735 640 3812; x_wconf 89' lang='lat' dir='ltr'><strong>sunt</strong></span> <span class='ocrx_word' id='word_1_251' title='bbox 653 3721 762 3840; x_wconf 74' lang='lat' dir='ltr'><strong>&#39;capita</strong></span> <span class='ocrx_word' id='word_1_252' title='bbox 784 3746 976 3841; x_wconf 87' lang='lat' dir='ltr'><strong>praecipua,</strong></span> <span class='ocrx_word' id='word_1_253' title='bbox 1012 3737 1053 3813; x_wconf 87' lang='lat' dir='ltr'><strong>ad</strong></span> <span class='ocrx_word' id='word_1_254' title='bbox 1073 3767 1154 3842; x_wconf 87' lang='lat' dir='ltr'><strong>quae</strong></span> <span class='ocrx_word' id='word_1_255' title='bbox 1175 3703 1293 3814; x_wconf 81' lang='lat' dir='ltr'><strong>ornnes</strong></span> <span class='ocrx_word' id='word_1_256' title='bbox 1311 3739 1469 3844; x_wconf 85' lang='lat' dir='ltr'><strong>quaeiiin-</strong></span> <span class='ocrx_word' id='word_1_257' title='bbox 1587 3773 1593 3782; x_wconf 82' lang='lat'><em>·</em></span> <span class='ocrx_word' id='word_1_258' title='bbox 1621 3769 1632 3780; x_wconf 91' lang='lat'>·</span> 
     </span>
    </p>
   </div>
   <div class='ocr_carea' id='block_1_15' title="bbox 96 3837 1474 4150">
    <p class='ocr_par' dir='ltr' id='par_1_15' title="bbox 96 3837 1474 4150">
     <span class='ocr_line' id='line_1_32' title="bbox 128 3837 1474 3946; baseline 0.004 -33"><span class='ocrx_word' id='word_1_259' title='bbox 128 3864 181 3914; x_wconf 79' lang='lat' dir='ltr'><strong>nes</strong></span> <span class='ocrx_word' id='word_1_260' title='bbox 205 3837 354 3918; x_wconf 85' lang='lat' dir='ltr'><strong>deinum</strong></span> <span class='ocrx_word' id='word_1_261' title='bbox 381 3849 548 3944; x_wconf 81' lang='lat' dir='ltr'><strong>gyratorio</strong></span> <span class='ocrx_word' id='word_1_262' title='bbox 567 3867 743 3942; x_wconf 88' lang='lat' dir='ltr'><strong>corporum</strong></span> <span class='ocrx_word' id='word_1_263' title='bbox 766 3841 945 3946; x_wconf 86' lang='lat' dir='ltr'><strong>rigidorum</strong></span> <span class='ocrx_word' id='word_1_264' title='bbox 964 3849 1043 3916; x_wconf 80' lang='lat' dir='ltr'><strong>cirea</strong></span> <span class='ocrx_word' id='word_1_265' title='bbox 1066 3869 1163 3928; x_wconf 86' lang='lat' dir='ltr'><strong>¹auem</strong></span> <span class='ocrx_word' id='word_1_266' title='bbox 1185 3839 1289 3916; x_wconf 82' lang='lat' dir='ltr'><strong>fiunn</strong></span> <span class='ocrx_word' id='word_1_267' title='bbox 1310 3871 1328 3918; x_wconf 89' lang='lat' dir='ltr'><strong>a</strong></span> <span class='ocrx_word' id='word_1_268' title='bbox 1351 3846 1474 3920; x_wconf 72' lang='lat' dir='ltr'><strong>viribus</strong></span> 
     </span>
     <span class='ocr_line' id='line_1_33' title="bbox 128 3939 1470 4046; baseline 0.008 -36"><span class='ocrx_word' id='word_1_269' title='bbox 128 3945 359 4046; x_wconf 79' lang='lat' dir='ltr'><strong>quibuscunque</strong></span> <span class='ocrx_word' id='word_1_270' title='bbox 375 3946 557 4045; x_wconf 83' lang='lat' dir='ltr'><strong>perturbato</strong></span> <span class='ocrx_word' id='word_1_271' title='bbox 571 3943 678 4018; x_wconf 88' lang='lat' dir='ltr'><strong>reduci</strong></span> <span class='ocrx_word' id='word_1_272' title='bbox 694 3941 837 4044; x_wconf 79' lang='lat' dir='ltr'><strong>poliunt:</strong></span> <span class='ocrx_word' id='word_1_273' title='bbox 863 3939 985 4046; x_wconf 76' lang='lat' dir='ltr'><strong>praeter</strong></span> <span class='ocrx_word' id='word_1_274' title='bbox 999 3939 1097 4044; x_wconf 87' lang='lat' dir='ltr'><strong>ipsam</strong></span> <span class='ocrx_word' id='word_1_275' title='bbox 1115 3949 1202 4017; x_wconf 85' lang='lat' dir='ltr'><strong>e&#39;nim</strong></span> <span class='ocrx_word' id='word_1_276' title='bbox 1224 3967 1332 4021; x_wconf 80' lang='lat' dir='ltr'><strong>motus</strong></span> <span class='ocrx_word' id='word_1_277' title='bbox 1351 3948 1470 4021; x_wconf 85' lang='lat' dir='ltr'><strong>accele-</strong></span> 
     </span>
     <span class='ocr_line' id='line_1_34' title="bbox 96 4041 1469 4150; baseline 0.007 -40"><span class='ocrx_word' id='word_1_278' title='bbox 96 4070 109 4090; x_wconf 69' lang='grc'><strong><em>’</em></strong></span> <span class='ocrx_word' id='word_1_279' title='bbox 129 4049 280 4119; x_wconf 88' lang='lat' dir='ltr'><strong>rationem</strong></span> <span class='ocrx_word' id='word_1_280' title='bbox 293 4047 341 4121; x_wconf 86' lang='lat' dir='ltr'><strong>uel</strong></span> <span class='ocrx_word' id='word_1_281' title='bbox 355 4045 601 4122; x_wconf 81' lang='lat' dir='ltr'><strong>retardationem</strong></span> <span class='ocrx_word' id='word_1_282' title='bbox 618 4044 845 4145; x_wconf 73' lang='lat' dir='ltr'><strong>definiuntur,</strong></span> <span class='ocrx_word' id='word_1_283' title='bbox 871 4041 1006 4148; x_wconf 68' lang='lat' dir='ltr'><strong>quantas&#39;</strong></span> <span class='ocrx_word' id='word_1_284' title='bbox 1019 4053 1099 4120; x_wconf 84' lang='lat' dir='ltr'><strong>uites</strong></span> <span class='ocrx_word' id='word_1_285' title='bbox 1112 4074 1186 4120; x_wconf 89' lang='lat' dir='ltr'><strong>cum</strong></span> <span class='ocrx_word' id='word_1_286' title='bbox 1204 4053 1269 4121; x_wconf 83' lang='lat' dir='ltr'><strong>axis</strong></span> <span class='ocrx_word' id='word_1_287' title='bbox 1291 4055 1469 4150; x_wconf 80' lang='lat' dir='ltr'><strong>gyrariouir</strong></span> 
     </span>
    </p>
   </div>
   <div class='ocr_carea' id='block_1_16' title="bbox 131 4142 1647 4250">
    <p class='ocr_par' dir='ltr' id='par_1_16' title="bbox 131 4142 1647 4250">
     <span class='ocr_line' id='line_1_35' title="bbox 131 4142 1647 4250; baseline 0.008 -37"><span class='ocrx_word' id='word_1_288' title='bbox 131 4159 197 4216; x_wconf 90' lang='lat' dir='ltr'><strong>tum</strong></span> <span class='ocrx_word' id='word_1_289' title='bbox 213 4151 272 4246; x_wconf 87' lang='lat' dir='ltr'><strong>ipia</strong></span> <span class='ocrx_word' id='word_1_290' title='bbox 286 4155 429 4250; x_wconf 86' lang='lat' dir='ltr'><strong>corporis</strong></span> <span class='ocrx_word' id='word_1_291' title='bbox 445 4175 620 4250; x_wconf 85' lang='lat' dir='ltr'><strong>compages</strong></span> <span class='ocrx_word' id='word_1_292' title='bbox 634 4142 791 4226; x_wconf 77' lang='lat' dir='ltr'><strong>sustineat.</strong></span> <span class='ocrx_word' id='word_1_293' title='bbox 844 4148 1155 4234; x_wconf 78' lang='lat' dir='ltr'><strong>Foroiulaeautem,</strong></span> <span class='ocrx_word' id='word_1_294' title='bbox 1181 4175 1329 4250; x_wconf 84' lang='lat' dir='ltr'><strong>quaspro</strong></span> <span class='ocrx_word' id='word_1_295' title='bbox 1349 4149 1470 4236; x_wconf 87' lang='lat' dir='ltr'><strong>bisde-</strong></span> <span class='ocrx_word' id='word_1_296' title='bbox 1553 4225 1555 4229; x_wconf 82' lang='grc'><strong>,</strong></span> <span class='ocrx_word' id='word_1_297' title='bbox 1645 4165 1647 4173; x_wconf 87' lang='grc'><strong>“</strong></span> 
     </span>
    </p>
   </div>
   <div class='ocr_carea' id='block_1_17' title="bbox 132 4246 1470 4351">
    <p class='ocr_par' dir='ltr' id='par_1_17' title="bbox 132 4246 1470 4351">
     <span class='ocr_line' id='line_1_36' title="bbox 132 4246 1470 4351; baseline 0.003 -34"><span class='ocrx_word' id='word_1_298' title='bbox 132 4251 398 4326; x_wconf 83' lang='lat' dir='ltr'><strong>terminationibus</strong></span> <span class='ocrx_word' id='word_1_299' title='bbox 411 4257 612 4337; x_wconf 83' lang='lat' dir='ltr'><strong>invenimus,</strong></span> <span class='ocrx_word' id='word_1_300' title='bbox 636 4248 788 4351; x_wconf 77' lang='lat' dir='ltr'><strong>quasdam</strong></span> <span class='ocrx_word' id='word_1_301' title='bbox 809 4249 977 4324; x_wconf 83' lang='lat' dir='ltr'><strong>involvunt</strong></span> <span class='ocrx_word' id='word_1_302' title='bbox 995 4246 1151 4324; x_wconf 86' lang='lat' dir='ltr'><strong>furuurlaa</strong></span> <span class='ocrx_word' id='word_1_303' title='bbox 1173 4253 1359 4351; x_wconf 64' lang='lat' dir='ltr'><strong>integrales)</strong></span> <span class='ocrx_word' id='word_1_304' title='bbox 1390 4247 1470 4323; x_wconf 84' lang='lat' dir='ltr'><strong>lcili·</strong></span> 
     </span>
    </p>
   </div>
   <div class='ocr_carea' id='block_1_18' title="bbox 102 4337 1487 4556">
    <p class='ocr_par' dir='ltr' id='par_1_18' title="bbox 102 4337 1487 4556">
     <span class='ocr_line' id='line_1_37' title="bbox 135 4337 1474 4531; baseline -0.007 -97"><span class='ocrx_word' id='word_1_305' title='bbox 135 4347 306 4450; x_wconf 59' lang='lat' dir='ltr'><strong>teispdbl,</strong></span> <span class='ocrx_word' id='word_1_306' title='bbox 318 4354 447 4453; x_wconf 82' lang='lat' dir='ltr'><strong>ssz‚</strong></span> <span class='ocrx_word' id='word_1_307' title='bbox 464 4354 617 4456; x_wconf 71' lang='lat' dir='ltr'><strong>sxydM,</strong></span> <span class='ocrx_word' id='word_1_308' title='bbox 632 4353 768 4454; x_wconf 69' lang='lat' dir='ltr'><strong>fiasz</strong></span> <span class='ocrx_word' id='word_1_309' title='bbox 785 4373 815 4428; x_wconf 85' lang='lat' dir='ltr'><strong>et</strong></span> <span class='ocrx_word' id='word_1_310' title='bbox 824 4337 971 4531; x_wconf 40' lang='lat' dir='ltr'><strong>srgdbll,</strong></span> <span class='ocrx_word' id='word_1_311' title='bbox 1001 4379 1081 4454; x_wconf 84' lang='lat' dir='ltr'><strong>quac</strong></span> <span class='ocrx_word' id='word_1_312' title='bbox 1101 4371 1209 4432; x_wconf 79' lang='lat' dir='ltr'><strong>autaut</strong></span> <span class='ocrx_word' id='word_1_313' title='bbox 1229 4381 1298 4430; x_wconf 88' lang='lat' dir='ltr'><strong>uou</strong></span> <span class='ocrx_word' id='word_1_314' title='bbox 1318 4375 1474 4450; x_wconf 84' lang='lat' dir='ltr'><strong>tauquam</strong></span> 
     </span>
     <span class='ocr_line' id='line_1_38' title="bbox 102 4475 1487 4556; baseline -0.014 -14"><span class='ocrx_word' id='word_1_315' title='bbox 102 4507 108 4523; x_wconf 92' lang='lat'><strong>·</strong></span> <span class='ocrx_word' id='word_1_316' title='bbox 928 4479 948 4556; x_wconf 86' lang='lat'>3</span> <span class='ocrx_word' id='word_1_317' title='bbox 1186 4529 1211 4545; x_wconf 89' lang='lat'><strong>..</strong></span> <span class='ocrx_word' id='word_1_318' title='bbox 1368 4475 1487 4552; x_wconf 38' lang='lat' dir='ltr'><strong>qum-r</strong></span> 
     </span>
    </p>
   </div>
   <div class='ocr_carea' id='block_1_19' title="bbox 0 0 1950 4988">
    <p class='ocr_par' dir='ltr' id='par_1_19' title="bbox 0 0 1950 4988">
     <span class='ocr_line' id='line_1_39' title="bbox 0 0 1950 4988; baseline 0 3"><span class='ocrx_word' id='word_1_319' title='bbox 0 0 1950 4988; x_wconf 95' lang='lat' dir='ltr'><strong> </strong></span> 
     </span>
    </p>
   </div>
  </div>
 </body>
</html>
