3898 4990
307 321 392 450 on
422 319 704 476 turnums
732 315 941 423 uorus
969 267 1291 468 numerans
1401 355 1467 446 1,ι
1542 415 1545 422 ⁴

128 517 248 600 dicium
275 522 424 608 tolletur,
459 519 583 598 neeesse
608 524 665 600 esi.
715 529 841 599 Verum
857 523 987 598 tametsi
1012 553 1073 600 nor
1098 531 1240 626 quietem
1261 516 1471 606 vel'moturn

127 631 309 726 ottinspitmt
335 631 480 724 corporis
506 653 574 698 uon
600 627 658 698 nist
683 653 723 701 ex
738 627 900 699 ‘resatioue
925 632 991 717 ejus
1010 628 1049 702 ad
1075 629 1133 702 alia
1152 651 1289 724 corpora
1310 629 1474 726 cognosci·
1530 631 1532 634 ’

93 791 99 807 ,
126 754 219 813 ntus,
245 725 320 799 inde
340 749 449 798 tamen
468 725 746 801 oon'eludereuon
766 729 855 813 licet,
881 732 1006 800 haeres
1027 735 1059 800 in
1080 726 1112 800 se
1132 725 1213 816 nibil
1233 723 1314 810 esse,
1350 749 1473 826 praeter
1577 757 1580 764 ·

126 852 253 901 meram
274 827 463 900 relationem
485 831 519 898 in
544 849 653 921 mente
672 827 865 909 institutam,
895 828 1038 929 nihilque
1059 835 1093 900 in
1113 826 1184 928 ipsis
1205 831 1395 938 corporibus
1422 835 1473 900 in·
1539 843 1544 857 “
1610 853 1613 862 ’

126 925 208 1011 esse,
226 925 321 1029 quod
342 924 419 1001 ideis
440 925 556 1001 nostris
575 933 689 1028 quietis
711 955 747 1002 ac
766 950 876 1014 motus
894 926 1092 1029 respondeat,
1142 933 1361 1024 Quantitntem
1383 935 1474 1029 quip·
1520 927 1522 934 '
1565 937 1573 968 ·‘

123 1056 166 1130 pe
179 1015 274 1102 nobi¹s
289 1035 384 1102 etiam
414 1025 542 1103 aliunde
562 1025 755 1128 cognoscere
776 1029 952 1110 nonlicet,
987 1029 1045 1102 nib
1070 1054 1111 1104 ex
1137 1035 1397 1130 comparatione:
1423 1051 1471 1102 ta·

21 1191 23 1200 .
124 1157 202 1204 meu
227 1125 353 1202 subluis
373 1131 439 1216 his,
464 1125 653 1228 quibuscum
674 1137 953 1238 comparationem
978 1129 1237 1217 instituebamus,
1277 1125 1469 1230 incorpore

123 1251 233 1304 tamen
252 1229 441 1330 relinquitur
457 1227 545 1330 quafi
570 1227 820 1314 fundamentum
846 1237 1046 1334 quantitatis,
1088 1237 1243 1330 quoniam
1265 1231 1288 1304 si
1307 1237 1340 1302 iu
1366 1237 1469 1324 majus

122 1330 344 1405 extenderetur
365 1329 416 1402 ¹vel
435 1335 469 1404 in
494 1337 604 1404 utinm
624 1337 882 1418 contraheretur,
911 1358 996 1406 vera»
1012 1341 1149 1406 mutatio
1169 1339 1203 1406 in
1221 1358 1263 1406 eo
1288 1329 1376 1414 sada
1392 1325 1470 1407 esset
1499 1351 1502 1362 ’

122 1429 286 1508 censenda.
348 1435 393 1503 lta
420 1427 443 1502 si
471 1439 567 1505 etiam
595 1439 728 1508 unicum
753 1461 871 1534 corpus
897 1431 1059 1520 existeret,
1103 1431 1205 1508 idue!
1234 1429 1392 1533 quiescere
1416 1433 1469 1508 rel
1498 1479 1505 1494 ι

120 1539 248 1608 moveri
266 1528 342 1606 esset
355 1527 557 1626 dicendum3,
572 1561 648 1607 cum
665 1563 770 1638 neque
790 1557 963 1634 utrumque
978 1531 1091 1619 firuul,
1117 1562 1223 1636 neque
1235 1543 1389 1630 neutrum
1408 1532 1468 1610 sse·
1479 1569 1492 1632 j

118 1641 166 1708 tui
185 1629 291 1736 possit.
341 1632 440 1706 Unde
451 1633 630 1719 concludo,
653 1641 842 1736 quieteutsset
863 1659 992 1710 motum
1015 1631 1167 1710 uon-eise
1191 1661 1295 1711 meras
1315 1661 1363 1710 res
1381 1633 1469 1708 idea·

119 1735 185 1822 les,
213 1763 251 1808 ex
271 1739 514 1833 comparatione
532 1729 598 1806 sose
619 1753 728 1824 natas,
750 1741 791 1808 ita
815 1757 850 1808 ut
879 1743 911 1808 iu
937 1736 1010 1834 ipsis
1030 1737 1217 1836 corporibus
1240 1737 1337 1823 nihil,
1373 1731 1467 1836 quod

118 1841 156 1910 iis
174 1833 364 1936 respondeat
374 1829 464 1922 insrt;
489 1821 541 1906 sed
554 1833 594 1908 d'e
607 1863 744 1934 corpore
757 1842 851 1909 etiam
865 1832 1004 1908 solitario
1016 1839 1100 1908 rede
1114 1842 1223 1936 quaeri
1233 1833 1334 1936 posse,
1355 1859 1467 1912 utrum
1565 1875 1569 1882 ¹
1631 1827 1638 1840 ⁶

116 1946 311 2016 moveatur,
337 1961 378 2004 an
400 1931 557 2034 quiescet?
579 1937 633 2006 ubi
654 1934 804 2034 equidem
824 1962 881 2010 eos
903 1932 1131 2034 Philosophos,
1155 1943 1210 2036 qui
1227 1943 1339 2009 omnia
1359 1936 1399 2008 ed
1416 1961 1466 2010 re·

113 2037 257 2111 lotiones
279 2055 448 2120 revocant,
481 2039 618 2110 minime
639 2031 847 2134 pertimesco,
879 2063 955 2110 cunr
978 2035 1075 2108 iidem
1095 2057 1219 2108 tentum
1239 2041 1350 2112 motui'
1365 2036 1467 2130 tribuq

118 2133 193 2228 ¹eut,
221 2140 308 2210 tuiti
328 2141 359 2207 ri
380 2139 514 2218 tuotrice
534 2141 630 2210 etiam
651 2135 769 2238 :siquid
788 2131 988 2210 substantiale
1008 2131 1193 2237 agnoscant.
1223 2201 1226 2210 .

520 2374 1063 2494 'exurrcArrozss

166 2628 177 2642 ,
216 2561 282 2640 80.
307 2551 395 2622 Cum
413 2573 493 2648 ergo
512 2553 608 2644 etiam
628 2546 671 2622 de
690 2553 788 2622 unico
808 2575 961 2650 corpore,
984 2544 1077 2648 millo
1096 2547 1136 2622 ed
1154 2547 1213 2623 elie
1232 2549 1341 2626 habito
1361 2545 1485 2652 tespo'

121 2649 192 2735 (su,
226 2651 277 2725 vel
299 2656 348 2724 hir
367 2649 447 2722 adeo
470 2649 669 2737 annihilatis,
701 2651 786 2724 resse
806 2657 916 2750 quaeri
936 2647 1047 2750 possit,
1083 2648 1296 2749 quiescatur,
1321 2677 1362 2724 en
1388 2677 1463 2724 mo·
1548 2711 1552 2716 .

121 2759 245 2842 ceatur?
277 2753 463 2825 alterutrum
492 2744 666 2823 necessario
688 2747 777 2845 stetui
802 2751 911 2830 debet,
953 2749 1064 2835 Qualis
1085 2769 1192 2832 eutem
1212 2755 1279 2825 haec
1297 2748 1403 2824 futura
1424 2747 1464 2826 stt
1525 2799 1528 2810 ·

120 2861 225 2954 quies,
249 2849 387 2954 qualisve
406 2849 608 2928 tiemonis?
631 2877 706 2923 cum
728 2857 863 2924 mutatio
884 2849 959 2924 suus
978 2848 1119 2952 respodiu
1134 2851 1273 2924 aliorum
1287 2853 1464 2950 corpomm
1495 2903 1501 2909 -

117 2959 169 3028 bic
189 2955 326 3028 nullum¹
339 2957 478 3024 inveniat
498 2953 631 3039 locum,
657 2979 698 3026 ue
717 2947 1212 3052 cogitarotquidem'poss'umur,
1244 2950 1303 3024 nisi
1325 2949 1464 3052 spatium

118 3053 299 3128 absolutum
321 3052 546 3138 admittamus,
593 3058 714 3152 inquo
735 3051 881 3127 uossrnm
906 3077 1023 3151 corpus
1051 3053 1162 3125 locum
1182 3053 1346 3150 quendam
1364 3065 1465 3126 ocdu-

117 3181 186 3258 pet,
212 3153 350 3256 indeque
368 3161 401 3226 in
419 3153 479 3226 alia
500 3152 570 3226 loca
591 3151 724 3249 transire
742 3150 850 3252 possit.
899 3157 987 3225 Cum
1008 3159 1119 3246 enim,
1138 3149 1311 3227 secundum
1327 3151 1464 3228 eosdem

118 3253 351 3356 Philosophos,
373 3262 426 3356 qui
449 3251 588 3353 spatium
608 3249 789 3346 absolqtum
805 3260 956 3328 ¹manime
973 3261 1064 3354 impu
1087 3273 1183 3342 naut,
1214 3253 1396 3355 plurimum·
1416 3255 1465 3325 in·

117 3357 218 3444 tersit,
243 3379 351 3430 utrum
372 3379 490 3456 corpus
508 3353 686 3455 qu'odpiem
708 3377 892 3438 moveatur,
928 3382 969 3427 an
990 3281 1145 3456 quiescet?
1189 3356 1284 3428 nulio
1302 3352 1463 3428 etiamad

116 3461 174 3536 asia
192 3485 330 3558 corpora
350 3453 493 3556 respedu
515 3457 764 3543 habitantum,
799 3463 833 3528 in
858 3477 997 3557 quanam
1028 3455 1087 3528 alie
1114 3481 1147 3528 re
1167 3451 1335 3529 discrimen
1355 3451 1464 3528 confi·

116 3562 184 3644 ssat,
240 3567 292 3631 nn
312 3553 435 3643 dicent,
459 3555 491 3630 id
511 3583 629 3657 corpus
649 3576 758 3632 revera
777 3564 920 3645 moveri,
964 3554 1053 3656 quod
1076 3553 1172 3628 situm
1197 3553 1290 3630 fimm
1317 3551 1462 3656 respet‘lu

116 3669 297 3736 vicinorum
317 3665 475 3734 continuo
490 3663 610 3730 mutet?
635 3683 747 3732 verum
769 3665 931 3731 motoria
951 3661 1002 3732 bis'
1015 3661 1126 3730 vicinis
1141 3651 1238 3728 inesse
1259 3651 1378 3755 posset,
1402 3653 1462 3728 isso

116 3761 308 3866 quiesoente.
360 3767 413 3832 An
433 3765 712 3860 comparationem
730 3785 807 3832 cum
823 3757 1088 3852 remotitjnsiitui
1105 3757 1286 3856 oportebit?
1309 3753 1362 3828 sed
1381 3781 1461 3832 oum

116 3867 228 3966 quibus
248 3859 376 3960 primo?
399 3857 514 3937 deiude
527 3883 585 3932 cur
602 3884 678 3932 cum
696 3857 780 3934 hisee
845 3866 925 3942 tina,
949 3884 1140 3961 quanticum
1160 3855 1248 3930 aliis?
1274 3851 1461 3956 Responde·

116 3965 195 4039 bunt
213 3961 345 4037 taudem
365 3987 441 4035 cum
465 3961 596 4048 talibut,
619 3985 701 4062 qme
725 3985 781 4058 per
798 3887 1032 4062 sedquiescaut..
1062 3959 1160 4035 Tum
1174 3977 1280 4032 mtem
1293 3981 1395 4058 porro
1408 3961 1465 4030 tua

115 4087 265 4166 terrngo,
290 4089 359 4134 non
377 4055 549 4164 quomodo
569 4087 628 4134 nor
649 4075 785 4159 corpora
804 4059 910 4160 perse
929 4057 1118 4160 quiescentia
1139 4052 1369 4158 agnoscamus,
1406 4053 1463 4132 sed
1578 4107 1580 4116 ,

115 4168 188 4270 quid
209 4165 246 4240 sit
264 4161 369 4265 perse
387 4159 564 4262 quiescere?
584 4147 715 4261 quondo
735 4164 866 4262 quidem
888 4189 975 4239 nunc
995 4159 1034 4232 ad
1055 4159 1149 4236 situm
1164 4157 1218 4234 res
1234 4161 1304 4234 edio
1324 4160 1463 4234 aliorum

118 4297 184 4344 non
202 4267 343 4368 amplius
358 4259 537 4363 ‘confugere
555 4262 640 4338 licet.
692 4264 862 4362 cogentur
880 4287 959 4364 ergo
978 4260 1108 4336 tandem
1136 4188 1313 4349 constat,
1335 4286 1370 4332 ee
1393 4283 1463 4330 cor·
1521 4329 1526 4339 κ

119 4397 194 4470 pora
210 4395 267 4471 per
286 4364 323 4444 se.
338 4360 518 4476 quiescere,
541 4367 675 4467 quaein
696 4365 817 4442 eodem
836 4357 926 4468 spatii
944 4363 1018 4442 loco
1031 4359 1248 4468 perseverent,
1273 4383 1371 4462 equo
1385 4381 1463 4478 cum

278 4497 284 4506 '
768 4507 769 4510 ¹
1350 4481 1461 4538 Omns!

182 4765 185 4771 ,
294 4733 306 4763 b
