3898 4990
910 297 1325 400 PRAEFATIO.

446 515 735 606 transeundem
750 504 838 598 erit.
897 505 1159 618 Resolveuda
1171 509 1294 618 igitur
1306 527 1396 593 erat
1415 505 1614 622 quacllio:
1648 501 1795 594 'fidata

438 648 647 781 srtpofitio
660 635 755 748 axis
769 658 995 772 gyrationis
1012 655 1198 770 corporis
1212 655 1312 738 moti
1327 651 1506 767 respeslu
1520 636 1806 772 triumuxiuris‘

449 809 736 930 principalium
752 806 950 919 corporis,
977 805 1095 916 isque
1117 829 1142 886 a
1162 801 1316 888 viribus
1337 797 1642 888 sollicitantibus
1661 805 1794 890 varie·
1842 863 1849 874 .

449 981 534 1064 tur,
573 975 620 1040 ut
639 979 791 1066 corpus
811 947 945 1066 elapso
972 944 1225 1064 tempuscula
1261 946 1502 1034 elementari
1535 953 1643 1034 circa
1670 947 1797 1034 alium
1837 973 1840 978 ·

450 1129 578 1190 axem
590 1105 774 1213 gyretur,
787 1094 1001 1212 quomodo
1015 1067 1245 1180 delinienda
1259 1093 1305 1179 stt
1320 1093 1465 1208 pofitio
1481 1092 1599 1205 hujus
1613 1099 1708 1180 axis
1723 1123 1796 1182 va·

387 1263 394 1276 '
446 1249 541 1335 riuti
562 1215 742 1360 respeslu
765 1244 908 1330 axium
933 1240 1230 1358 principalium.
1306 1238 1495 1356 Cognitis
1513 1244 1599 1354 jam
1625 1243 1796 1362 uiribus,

446 1395 764 1510 quibuscorpus
779 1389 880 1476 dum
895 1391 1257 1504 circaquempiam
1278 1415 1407 1474 axem
1427 1411 1618 1502 gyratur,
1652 1386 1794 1476 sollici·
1920 1390 1923 1403 “

446 1561 570 1635 tatur,
585 1541 620 1624 is
636 1541 744 1646 axis,
764 1539 875 1622 circa
889 1563 1015 1651 quem
1030 1534 1239 1652 quiescens
1253 1539 1391 1650 gyrari
1406 1539 1607 1651 inciperet
1617 1535 1795 1625 definiri:

446 1706 537 1774 tum
550 1711 655 1773 vero
667 1685 842 1774 variatio
855 1685 897 1768 in
912 1711 995 1794 axe
1016 1683 1244 1797 gyrationis
1264 1683 1320 1790 pb
1338 1663 1501 1771 motum
1521 1684 1627 1772 sasla
1649 1683 1796 1800 explo-

444 1835 526 1920 rari
548 1831 708 1948 poterit.
768 1829 927 1922 Vemm
948 1828 1020 1916 nist
1041 1856 1193 1948 corpus
1216 1833 1351 1948 primo
1370 1833 1481 1918 circa
1501 1861 1631 1920 axem
1650 1859 1792 1950 quern-

442 1981 556 2096 piam
570 1976 838 2095 principalem
855 1999 1042 2092 gyretur,
1078 2001 1243 2093 praeter
1262 1982 1373 2068 vires
1396 1981 1613 2087 callemus,
1642 1981 1793 2095 quibus
1832 2087 1845 2096 .
1938 1973 1940 1978 ’

304 2161 318 2176 ·
444 2144 597 2242 corpus
612 2125 721 2211 sorte
734 2121 986 2230 sollicitatur,
1018 2124 1220 2233 imprimis
1242 2151 1317 2208 eae
1337 2128 1466 2232 vires,
1500 2153 1608 2238 quae
1629 2153 1687 2209 ex
1708 2123 1793 2238 ipso

443 2271 794 2382 motugyratorio
814 2268 988 2390 ejusque
1007 2268 1057 2376 ,vl⁴
1071 2243 1298 2382 centrisnga
1319 2264 1554 2380 nascuntur,
1582 2252 1792 2386 perpendi,

301 2513 303 2516 ,
444 2420 540 2506 etin
556 2413 763 2502 calculum
778 2411 1161 2520 introduci'debent,
1184 2412 1279 2498 ideo
1295 2413 1390 2502 istnc
1405 2419 1515 2503 vires
1530 2445 1587 2504 ex
1604 2415 1793 2534 ipsomo-

373 2589 374 2593 ‘
440 2567 715 2680 tugyratotio
731 2581 853 2648 natae
868 2551 1158 2648 solliciteerant
1171 2561 1484 2676 investigandae:
1517 2564 1564 2652 Si
1577 2569 1686 2685 enim
1696 2567 1791 2654 axis

442 2715 670 2830 gyrationis
684 2737 768 2797 non
782 2693 828 2794 stt
848 2707 1101 2824 principalis,
1126 2710 1280 2797 etiamst
1301 2708 1436 2796 nullae
1456 2715 1567 2799 vires
1591 2711 1752 2800 extrins
1769 2765 1790 2784 -

443 2887 520 2950 'cus
537 2879 743 2976 urgerent,
772 2879 912 2944 tamen
925 2860 1019 2942 axis
1035 2854 1331 2980 parallelismus
1351 2853 1581 2946 conservari
1601 2890 1683 2946 non
1699 2858 1800 2975 pos·¹

440 3007 517 3120 set,
551 3009 749 3124 quoniam
765 3007 875 3094 vires
887 3003 1143 3120 centrisugae
1164 3003 1217 3092 ad
1233 3031 1362 3091 axem
1382 3003 1684 3120 desleslendum
1700 3029 1789 3094 ten·

323 3167 329 3177 '
442 3153 556 3246 dunt.
614 3153 796 3243 inventis
812 3149 874 3237 his
889 3154 1046 3262 viribus
1061 3181 1120 3240 ex
1142 3165 1259 3240 motu
1281 3155 1492 3266 gyratorio
1516 3150 1598 3268 ipso
1616 3155 1791 3242 adeum
1905 3211 1910 3216 -

441 3299 695 3406 turbandum
709 3303 836 3406 natis,
863 3327 959 3386 curn
974 3299 1037 3387 bis
1053 3300 1298 3386 combinatis
1314 3301 1470 3387 viribus
1490 3305 1675 3388 externis
1696 3331 1787 3387 cor·

441 3477 520 3568 pus
544 3445 848 3553 sollicitantibus
868 3416 1065 3534 methodo
1087 3444 1203 3562 supra
1225 3441 1422 3562 descripta
1446 3447 1786 3564 definiripoter'at
1894 3543 1901 3554 ,

340 3614 369 3652 ,·
440 3575 616 3686 variatio
629 3617 921 3682 momentanea
933 3613 1021 3678 tum
1033 3595 1076 3679 in
1090 3591 1171 3710 ipso
1185 3621 1269 3681 axe
1283 3621 1410 3708 quam
1429 3598 1471 3680 in
1486 3595 1695 3684 celeritate
1713 3623 1785 3683 an·

441 3740 681 3858 gulariinde
696 3761 798 3829 orta.
846 3737 1167 3856 lpsummodum
1185 3741 1708 3863 procedendietcalculum
1723 3743 1785 3830 di·

297 3871 302 3880 ¹
439 3866 1824 4008 rigandiexplicatProblema67.Licetitaquesrctotumnegotium·

405 4080 410 4090 =
439 4031 667 4120 absolutum
684 4024 761 4120 elle
775 4033 925 4123 censeri
948 4031 1099 4152 posseta
1132 4057 1273 4123 tamen
1293 4035 1414 4122 restat
1436 4034 1545 4124 aliud
1566 4063 1785 4152 argumen-

418 4177 702 4300 ,tumprorsus
716 4209 799 4268 non
812 4179 1114 4299 negligendum.
1138 4181 1318 4304 Cognita
1330 4185 1441 4269 enim
1454 4186 1681 4272 variatione
1695 4203 1782 4274 tam

525 4333 528 4338 ’
1672 4331 1781 4422 cele-
