3870 4990
428 373 509 470 282
534 355 661 450 CAP.
675 351 753 450 Xl.
782 349 865 443 DE
878 349 1053 444 MOTU
1066 347 1292 441 LIBERO
1308 335 1741 466 consonuisse.
1786 331 1793 338 ¹

513 657 617 748 '704
648 659 738 752 Qtin
757 660 852 728 etiant
874 652 899 726 fi
918 651 1044 753 iusuper
1063 659 1144 726 uires
1164 675 1312 726 externae
1326 647 1493 738 accedant,
1519 676 1658 752 quarum
1674 649 1782 724 medie

429 757 564 832 diresiio
584 783 640 856 per
658 778 805 830 centrum
830 761 959 829 inertiae
974 751 1124 840 trauseat,
1149 759 1185 827 iis
1200 750 1284 826 solus
1301 774 1408 826 tnotns
1423 749 1785 852 progrediens-patin&

429 857 602 944 afficietur,
634 884 671 932 ac
690 856 713 930 st
736 873 801 926 tota
815 861 961 955 corporis
977 849 1072 926 massa
1087 855 1194 928 in'islo
1209 871 1318 927 centro
1332 838 1407 926 effer
1421 853 1571 946 colldsle3
1598 849 1711 926 ntbtus
1721 876 1784 924 aua

348 1043 353 1048 ,
430 977 497 1034 sent
520 965 699 1058 gyratorius
721 959 862 1028 tumebit
883 953 1074 1045 unisonnic,
1105 978 1137 1030 et
1150 961 1215 1032 attis
1230 948 1407 1059 gyrationis
1420 953 1600 1059 sordidarer
1612 953 1782 1032 fitam-fibi

349 1149 352 1156 Ι
430 1060 620 1162 parallelum
644 1057 851 1138 conservabit.
1456 1082 1463 1107 ¹·

867 1311 1312 1394 »SCHOLIOM

453 1473 479 1484 ''
533 1475 620 1552 705.¹
642 1445 743 1526 ‘Cum
767 1457 948 1526 etiamnum
979 1457 1060 1526 vires
1086 1447 1290 1528 sollicitantes
1320 1463 1552 1526 removemus
1566 1454 1660 1525 et‘in
1677 1444 1782 1522 solam

347 1632 351 1640 ,
384 1563 400 1608 ·’
430 1573 542 1632 mottts
564 1553 707 1654 imprell't
733 1557 1011 1626 continuationem
1039 1559 1256 1654 inquiramus,
1293 1573 1404 1626 ntottts
1426 1560 1577 1628 onmium
1603 1576 1785 1650 corporum

431 1663 528 1759 primi
549 1662 675 1756 generis
698 1651 836 1755 persede
855 1651 1080 1738 definivimus,
1113 1677 1148 1728 ut
1162 1654 1240 1728 nihil
1253 1653 1390 1754 amplius
1404 1647 1571 1748 desiderari
1585 1649 1698 1753 polin:
1724 1677 1786 1752 pro

432 1758 560 1858 reliquis
581 1776 689 1830 atatem
708 1755 897 1854 corporibus
916 1758 979 1845 iant
1002 1775 1124 1854 partem
1145 1755 1286 1857 aliquam
1308 1753 1548 1856 expedivimus,
1578 1753 1711 1854 quando
1726 1749 1788 1828 sci·

432 1859 506 1932 licet
528 1877 637 1932 motus
657 1861 835 1960 gyratorius
858 1861 1001 1955 primum
1018 1853 1184 1956 impressus
1193 1855 1234 1930 fit
1246 1863 1326 1930 eirea
1341 1883 1433 1930 axem
1447 1855 1677 1956 principalem,
1700 1879 1787 2026 puae

431 1957 809 2062 qntdnndetenninatio
836 1982 894 2058 per
916 1961 1045 2056 cognita
1070 1963 1134 2050 jan
1156 1957 1279 2052 pridem
1299 1953 1430 2040 subsidia
1451 1957 1705 2061 mechanicam
1719 1955 1787 2027 olai

433 2067 552 2162 potuit.
609 2065 647 2134 ln
668 2060 735 2134 aliis
755 2083 834 2158 ergo
853 2083 1029 2158 corporum
1049 2062 1226 2160 generibus
1239 2055 1408 2160 difficultas
1427 2080 1499 2151 nun
1517 2055 1654 2147 demum
1668 2082 1787 2143 occur·¹

434 2170 492 2248 rit,
523 2157 654 2261 quaudo
674 2167 802 2260 corpori
822 2165 971 2258 primum
989 2177 1099 2232 urceus
1115 2165 1296 2260 gyraorins
1311 2188 1380 2232 uon
1393 2167 1473 2234 circa
1486 2159 1676 2258 quempiam
1691 2185 1788 2243 attens

432 2261 642 2364 principalem
663 2264 880 2358 imprimitur:
920 2259 960 2331 ad
976 2255 1065 2358 quod
1085 2267 1256 2360 negotium
1271 2251 1535 2361 'pertraslandum
1562 2265 1707 2358 primurn
1730 2289 1789 2360 pe·

433 2363 674 2460 culiarcgcnns
693 2359 885 2435 conslituaut
910 2365 1028 2434 eornm
1054 2387 1248 2462 corporum,
1286 2367 1321 2434 in
1348 2365 1464 2462 quibus
1487 2358 1555 2433 duo
1573 2359 1787 2446 danturfuto·

432 2482 543 2538 menta
560 2467 691 2534 inertiae
704 2453 846 2632 respeclu
864 2465 971 2534 axium
987 2462 1212 2562 principalium
1226 2461 1377 2565 aequalia.
1429 2459 1528 2551 Quod
1541 2489 1658 2562 genus,
1675 2455 1679 2465 ’
1688 2488 1789 2560 praef

432 2573 580 2662 terquam
601 2559 692 2662 quod
711 2587 745 2634 ca
760 2559 851 2663 culus
871 2560 955 2634 haud
977 2558 1414 2650 mediocriter.contrahitur,
1450 2569 1515 2638 boc
1537 2560 1703 2637 commodi
1721 2567 1788 2662 ha·¹

433 2669 505 2754 bct,
537 2683 573 2736 ut
593 2668 628 2736 in
646 2688 686 2736 eo
706 2659 811 2736 adbuc
833 2657 952 2736 infiniti
966 2661 1166 2738 denturaxes
1181 2665 1391 2767 principales,
1416 2673 1457 2740 ita
1473 2684 1508 2738 ut
1523 2661 1657 2738 infinitis
1673 2665 1787 2743 modis

433 2765 593 2860 ejusmodi
611 2783 740 2846 utotus,
771 2761 901 2864 qualem
920 2767 984 2856 jam
1006 2757 1232 2858 definivimus,
1271 2766 1401 2842 exiliere
1424 2763 1537 2868 polstt3
1575 2793 1653 2840 cum
1673 2788 1788 2840 contra

431 2873 469 2949 in
487 2873 581 2942 tertio
602 2890 738 2966 genere,
783 2871 816 2936 in
843 2892 912 2966 quo
938 2887 1106 2942 momenta
1131 2865 1423 2970 principaliajnter
1449 2866 1481 2942 sc
1501 2863 1571 2941 sttnt
1595 2867 1785 2968 inaequalia,

432 2989 557 3071 praeter
575 2987 636 3039 tres
656 2991 730 3040 axes
750 2963 977 3042 determinatos
997 2967 1104 3042 nullus
1123 2969 1202 3043 alim
1215 2969 1322 3057 detur,
1348 2977 1429 3044 circa
1442 2997 1540 3070 quem
1554 2995 1673 3068 corpus
1685 2969 1787 3042 libere

435 3075 542 3172 gyrari
563 3087 670 3168 queat.
727 3069 764 3138 ln
784 3071 834 3140 his
851 3073 947 3168 igitur
959 3073 1129 3170 generibus
1142 3069 1173 3144 id
1185 3073 1280 3144 uobis
1294 3069 1339 3146 cst
1352 3069 1574 3172 proposttnm,
1600 3092 1636 3143 ut
1649 3075 1786 3174 quictur-

434 3198 498 3270 que
517 3189 627 3242 motus
652 3165 765 3242 talibus
787 3172 976 3267 corporibus
999 3163 1309 3270 suerit-impressusl
1347 3175 1412 3262 ejus
1433 3175 1715 3245 continuationem
1734 3177 1788 3248 in·

434 3271 643 3372 vestigemus:
681 3269 736 3342 ubi
756 3265 795 3340 ad
814 3269 949 3367 quodvis
968 3293 1095 3370 tenipus
1118 3279 1225 3368 primo
1241 3269 1358 3372 politio
1377 3277 1441 3346 axis
1460 3277 1638 3374 gyrationis
1658 3278 1786 3347 ratione

386 3386 393 3410 ⁸
432 3381 542 3447 axium
568 3368 794 3472 principalium
820 3377 965 3466 corporis
992 3397 1070 3442 cum
1091 3370 1249 3446 eeleritate
1269 3401 1308 3446 an
1335 3374 1430 3458 olari,
1469 3372 1584 3448 deinde
1607 3399 1685 3447 vero
1707 3373 1786 3450 suus

432 3471 575 3576 ipsorum
604 3476 716 3542 axitun
742 3470 966 3568 principalium
997 3477 1121 3544 ratione
1147 3467 1238 3570 spatii!
1260 3401 1393 3548 abidiani
1417 3474 1620 3549 determinari
1646 3473 1787 3564 debebit,

432 3581 489 3676 qui
515 3573 633 3646 modus
655 3575 720 3642 ltoc
736 3567 870 3641 arduum
889 3591 1119 3669 argumentum
1147 3575 1300 3650 tradendi
1320 3583 1462 3650 maxime
1486 3576 1610 3650 videtur
1635 3575 1786 3666 idonens,

432 3699 500 3749 tam
521 3673 560 3746 ad
586 3671 746 3745 calculum
767 3669 1001 3756 evolvendum,
1032 3699 1130 3772 quam
1145 3674 1184 3746 ad
1199 3673 1298 3776 ipsam
1313 3681 1534 3778 cognitionem
1549 3674 1693 3749 nossram
1710 3677 1785 3750 illu-

431 3773 604 3848 sirandam.
670 3767 720 3842 nd
747 3789 920 3870 nrrtnuque
947 3791 1055 3848 atatem
1081 3779 1115 3848 in
1139 3776 1403 3878 praecedentibus
1422 3775 1583 3880 'capitibus
1610 3777 1784 3856 saccellario

430 3873 623 3951 adminicula
646 3866 865 3972 exposuimus.
1208 3908 1213 3918 ·
1258 3907 1262 3916 ·
1379 3894 1415 3924 ⁵·
1506 3900 1511 3925 ¹
1546 3885 1564 3926 ²·
