<?xml version="1.0" encoding="UTF-8"?>
<!DOCTYPE html PUBLIC "-//W3C//DTD XHTML 1.0 Transitional//EN"
    "http://www.w3.org/TR/xhtml1/DTD/xhtml1-transitional.dtd">
<html xmlns="http://www.w3.org/1999/xhtml" xml:lang="en" lang="en">
 <head>
  <title>
</title>
<meta http-equiv="Content-Type" content="text/html;charset=utf-8" />
  <meta name='ocr-system' content='tesseract 3.04.00' />
  <meta name='ocr-capabilities' content='ocr_page ocr_carea ocr_par ocr_line ocrx_word'/>
</head>
<body>
  <div class='ocr_page' id='page_1' title='image "./theoriamotvscor01eulegoog_0270.png"; bbox 0 0 3890 4988; ppageno 0'>
   <div class='ocr_carea' id='block_1_1' title="bbox 197 127 1563 595">
    <p class='ocr_par' dir='ltr' id='par_1_1' title="bbox 197 127 1563 595">
     <span class='ocr_line' id='line_1_1' title="bbox 197 127 1436 243; baseline 0.051 -54"><span class='ocrx_word' id='word_1_1' title='bbox 197 181 201 189; x_wconf 86' lang='lat'><em>.</em></span> <span class='ocrx_word' id='word_1_2' title='bbox 1037 127 1089 242; x_wconf 61' lang='grc' dir='ltr'><em>Ι</em></span> <span class='ocrx_word' id='word_1_3' title='bbox 1433 237 1436 243; x_wconf 96' lang='grc'>.</span> 
     </span>
     <span class='ocr_line' id='line_1_2' title="bbox 231 273 1563 435; baseline 0.019 -42"><span class='ocrx_word' id='word_1_4' title='bbox 231 275 554 427; x_wconf 72' lang='lat' dir='ltr'>uoruQuu</span> <span class='ocrx_word' id='word_1_5' title='bbox 568 308 911 435; x_wconf 73' lang='lat' dir='ltr'>conponunt</span> <span class='ocrx_word' id='word_1_6' title='bbox 923 309 1267 410; x_wconf 79' lang='lat' dir='ltr'>uicinorum</span> <span class='ocrx_word' id='word_1_7' title='bbox 1284 318 1367 410; x_wconf 68' lang='lat' dir='ltr'>ue·</span> <span class='ocrx_word' id='word_1_8' title='bbox 1417 343 1491 434; x_wconf 57' lang='grc' dir='ltr'>ηπ·</span> <span class='ocrx_word' id='word_1_9' title='bbox 1547 273 1563 296; x_wconf 66' lang='grc'><strong>”</strong></span> 
     </span>
     <span class='ocr_line' id='line_1_3' title="bbox 269 470 1253 595; baseline 0.04 -36"><span class='ocrx_word' id='word_1_10' title='bbox 269 499 271 508; x_wconf 64' lang='grc'><strong>’</strong></span> <span class='ocrx_word' id='word_1_11' title='bbox 425 477 1132 595; x_wconf 71' lang='lat' dir='ltr'>&#39;JuxnnroArrn·</span> <span class='ocrx_word' id='word_1_12' title='bbox 1251 470 1253 476; x_wconf 33' lang='lat'>⁵</span> 
     </span>
    </p>
   </div>
   <div class='ocr_carea' id='block_1_2' title="bbox 123 611 1638 2130">
    <p class='ocr_par' dir='ltr' id='par_1_2' title="bbox 123 611 1638 2130">
     <span class='ocr_line' id='line_1_4' title="bbox 243 611 1488 719; baseline 0.007 -33"><span class='ocrx_word' id='word_1_13' title='bbox 243 615 330 716; x_wconf 60' lang='grc' dir='ltr'>ς’9ςιε</span> <span class='ocrx_word' id='word_1_14' title='bbox 353 611 428 715; x_wconf 75' lang='lat' dir='ltr'>Idea</span> <span class='ocrx_word' id='word_1_15' title='bbox 445 617 527 690; x_wconf 85' lang='lat' dir='ltr'>ltnec&#39;</span> <span class='ocrx_word' id='word_1_16' title='bbox 540 635 650 690; x_wconf 80' lang='lat' dir='ltr'>morus</span> <span class='ocrx_word' id='word_1_17' title='bbox 675 619 766 686; x_wconf 80' lang='lat' dir='ltr'><strong>mixti</strong></span> <span class='ocrx_word' id='word_1_18' title='bbox 785 641 824 689; x_wconf 85' lang='lat' dir='ltr'>ex</span> <span class='ocrx_word' id='word_1_19' title='bbox 844 613 920 688; x_wconf 84' lang='lat' dir='ltr'>ideis</span> <span class='ocrx_word' id='word_1_20' title='bbox 938 622 1100 718; x_wconf 85' lang='lat' dir='ltr'>utrimque</span> <span class='ocrx_word' id='word_1_21' title='bbox 1119 633 1229 689; x_wconf 83' lang='lat' dir='ltr'>motus</span> <span class='ocrx_word' id='word_1_22' title='bbox 1249 615 1436 719; x_wconf 78' lang='lat' dir='ltr'>progressuri</span> <span class='ocrx_word' id='word_1_23' title='bbox 1456 641 1488 694; x_wconf 88' lang='lat' dir='ltr'>et</span> 
     </span>
     <span class='ocr_line' id='line_1_5' title="bbox 133 711 1487 824; baseline 0.001 -32"><span class='ocrx_word' id='word_1_24' title='bbox 133 711 295 824; x_wconf 77' lang='lat' dir='ltr'>gyntorii</span> <span class='ocrx_word' id='word_1_25' title='bbox 313 715 359 791; x_wconf 77' lang='lat' dir='ltr'>eii</span> <span class='ocrx_word' id='word_1_26' title='bbox 372 713 537 808; x_wconf 83' lang='lat' dir='ltr'>conflato,</span> <span class='ocrx_word' id='word_1_27' title='bbox 568 714 654 790; x_wconf 89' lang='lat' dir='ltr'>unde</span> <span class='ocrx_word' id='word_1_28' title='bbox 673 715 729 798; x_wconf 86' lang='lat' dir='ltr'>fit,</span> <span class='ocrx_word' id='word_1_29' title='bbox 753 735 790 788; x_wconf 87' lang='lat' dir='ltr'>ut</span> <span class='ocrx_word' id='word_1_30' title='bbox 802 722 958 790; x_wconf 80' lang='lat' dir='ltr'>neutroin</span> <span class='ocrx_word' id='word_1_31' title='bbox 972 745 1008 792; x_wconf 81' lang='lat' dir='ltr'>ea</span> <span class='ocrx_word' id='word_1_32' title='bbox 1024 743 1102 816; x_wconf 90' lang='lat' dir='ltr'>pure</span> <span class='ocrx_word' id='word_1_33' title='bbox 1117 745 1148 796; x_wconf 82' lang='lat' dir='ltr'>et</span> <span class='ocrx_word' id='word_1_34' title='bbox 1161 713 1302 818; x_wconf 75' lang='lat' dir='ltr'>perfecie</span> <span class='ocrx_word' id='word_1_35' title='bbox 1320 728 1487 794; x_wconf 77' lang='lat' dir='ltr'>continea-</span> 
     </span>
     <span class='ocr_line' id='line_1_6' title="bbox 134 815 1601 918; baseline 0 -22"><span class='ocrx_word' id='word_1_36' title='bbox 134 843 200 898; x_wconf 84' lang='lat' dir='ltr'>tur.</span> <span class='ocrx_word' id='word_1_37' title='bbox 259 823 348 892; x_wconf 91' lang='lat' dir='ltr'>Cutn</span> <span class='ocrx_word' id='word_1_38' title='bbox 370 824 459 892; x_wconf 88' lang='lat' dir='ltr'>enirn</span> <span class='ocrx_word' id='word_1_39' title='bbox 482 839 611 892; x_wconf 86' lang='lat' dir='ltr'>tnoturn</span> <span class='ocrx_word' id='word_1_40' title='bbox 634 815 868 918; x_wconf 73' lang='lat' dir='ltr'>progressurum</span> <span class='ocrx_word' id='word_1_41' title='bbox 884 823 925 890; x_wconf 85' lang='lat' dir='ltr'>ita</span> <span class='ocrx_word' id='word_1_42' title='bbox 939 816 1176 902; x_wconf 79' lang='lat' dir='ltr'>definivimus,¹</span> <span class='ocrx_word' id='word_1_43' title='bbox 1194 839 1228 891; x_wconf 90' lang='lat' dir='ltr'>ut</span> <span class='ocrx_word' id='word_1_44' title='bbox 1241 847 1358 895; x_wconf 82' lang='lat' dir='ltr'>omues</span> <span class='ocrx_word' id='word_1_45' title='bbox 1371 824 1488 910; x_wconf 70' lang='lat' dir='ltr'>reciae,</span> <span class='ocrx_word' id='word_1_46' title='bbox 1598 861 1601 868; x_wconf 90' lang='grc'><em>·</em></span> 
     </span>
     <span class='ocr_line' id='line_1_7' title="bbox 131 917 1485 1024; baseline 0 -28"><span class='ocrx_word' id='word_1_47' title='bbox 131 949 215 1024; x_wconf 73' lang='lat' dir='ltr'>ques</span> <span class='ocrx_word' id='word_1_48' title='bbox 234 926 425 1020; x_wconf 83' lang='lat' dir='ltr'>incorpore</span> <span class='ocrx_word' id='word_1_49' title='bbox 444 926 614 1019; x_wconf 79' lang='lat' dir='ltr'>concipere</span> <span class='ocrx_word' id='word_1_50' title='bbox 632 919 722 1008; x_wconf 87' lang='lat' dir='ltr'>iicet,</span> <span class='ocrx_word' id='word_1_51' title='bbox 754 919 811 1014; x_wconf 81' lang='lat' dir='ltr'>fibi</span> <span class='ocrx_word' id='word_1_52' title='bbox 833 917 991 1019; x_wconf 86' lang='lat' dir='ltr'>perpetuo</span> <span class='ocrx_word' id='word_1_53' title='bbox 1011 937 1163 996; x_wconf 83' lang='lat' dir='ltr'>ruaneant</span> <span class='ocrx_word' id='word_1_54' title='bbox 1184 921 1367 1019; x_wconf 81' lang='lat' dir='ltr'>parallelae,</span> <span class='ocrx_word' id='word_1_55' title='bbox 1406 927 1485 996; x_wconf 83' lang='lat' dir='ltr'>haec</span> 
     </span>
     <span class='ocr_line' id='line_1_8' title="bbox 131 1015 1508 1124; baseline 0.001 -30"><span class='ocrx_word' id='word_1_56' title='bbox 131 1027 315 1124; x_wconf 74' lang='lat' dir='ltr'>proprietas</span> <span class='ocrx_word' id='word_1_57' title='bbox 334 1028 482 1094; x_wconf 78' lang='lat' dir='ltr'>immoto</span> <span class='ocrx_word' id='word_1_58' title='bbox 504 1027 608 1094; x_wconf 82' lang='lat' dir='ltr'>mixto</span> <span class='ocrx_word' id='word_1_59' title='bbox 630 1026 767 1094; x_wconf 85' lang='lat' dir='ltr'>minime</span> <span class='ocrx_word' id='word_1_60' title='bbox 787 1020 887 1102; x_wconf 84' lang='lat' dir='ltr'>uolet,</span> <span class='ocrx_word' id='word_1_61' title='bbox 915 1015 968 1094; x_wconf 89' lang='lat' dir='ltr'>sed</span> <span class='ocrx_word' id='word_1_62' title='bbox 987 1041 1111 1094; x_wconf 87' lang='lat' dir='ltr'>tautum</span> <span class='ocrx_word' id='word_1_63' title='bbox 1130 1020 1170 1096; x_wconf 91' lang='lat' dir='ltr'>ad</span> <span class='ocrx_word' id='word_1_64' title='bbox 1189 1047 1282 1095; x_wconf 84' lang='lat' dir='ltr'>axem</span> <span class='ocrx_word' id='word_1_65' title='bbox 1307 1029 1508 1123; x_wconf 69' lang='lat' dir='ltr'>gyrationia²</span> 
     </span>
     <span class='ocr_line' id='line_1_9' title="bbox 129 1119 1638 1224; baseline -0.004 -24"><span class='ocrx_word' id='word_1_66' title='bbox 129 1123 353 1224; x_wconf 77' lang='lat' dir='ltr'>adstringitur:</span> <span class='ocrx_word' id='word_1_67' title='bbox 396 1128 524 1197; x_wconf 78' lang='lat' dir='ltr'>interim</span> <span class='ocrx_word' id='word_1_68' title='bbox 545 1142 655 1194; x_wconf 86' lang='lat' dir='ltr'>tamen</span> <span class='ocrx_word' id='word_1_69' title='bbox 674 1122 804 1196; x_wconf 79' lang='lat' dir='ltr'>evidens</span> <span class='ocrx_word' id='word_1_70' title='bbox 823 1119 885 1208; x_wconf 85' lang='lat' dir='ltr'>cst,</span> <span class='ocrx_word' id='word_1_71' title='bbox 923 1119 1079 1196; x_wconf 73' lang='lat' dir='ltr'>semotus</span> <span class='ocrx_word' id='word_1_72' title='bbox 1105 1130 1283 1223; x_wconf 74' lang='lat' dir='ltr'>gyratoriui</span> <span class='ocrx_word' id='word_1_73' title='bbox 1308 1123 1485 1220; x_wconf 82' lang='lat' dir='ltr'>tolleretur,</span> <span class='ocrx_word' id='word_1_74' title='bbox 1539 1152 1560 1208; x_wconf 54' lang='grc' dir='ltr'>ς</span> <span class='ocrx_word' id='word_1_75' title='bbox 1625 1204 1638 1216; x_wconf 50' lang='grc'><strong>,</strong></span> 
     </span>
     <span class='ocr_line' id='line_1_10' title="bbox 129 1219 1510 1324; baseline 0 -26"><span class='ocrx_word' id='word_1_76' title='bbox 129 1225 185 1298; x_wconf 80' lang='lat' dir='ltr'>ares</span> <span class='ocrx_word' id='word_1_77' title='bbox 199 1219 417 1309; x_wconf 67' lang='lat' dir='ltr'>evanesceret,</span> <span class='ocrx_word' id='word_1_78' title='bbox 446 1243 576 1296; x_wconf 91' lang='lat' dir='ltr'>motum</span> <span class='ocrx_word' id='word_1_79' title='bbox 596 1221 828 1324; x_wconf 71' lang='lat' dir='ltr'>progressurum</span> <span class='ocrx_word' id='word_1_80' title='bbox 853 1221 1032 1321; x_wconf 70' lang='lat' dir='ltr'>persedum</span> <span class='ocrx_word' id='word_1_81' title='bbox 1055 1219 1119 1298; x_wconf 83' lang='lat' dir='ltr'>esse</span> <span class='ocrx_word' id='word_1_82' title='bbox 1142 1221 1377 1306; x_wconf 77' lang='lat' dir='ltr'>remansurum,</span> <span class='ocrx_word' id='word_1_83' title='bbox 1434 1230 1510 1298; x_wconf 53' lang='lat' dir='ltr'>Sin.</span> 
     </span>
     <span class='ocr_line' id='line_1_11' title="bbox 128 1319 1485 1428; baseline -0.003 -26"><span class='ocrx_word' id='word_1_84' title='bbox 128 1327 208 1402; x_wconf 86' lang='lat' dir='ltr'>mili</span> <span class='ocrx_word' id='word_1_85' title='bbox 221 1323 484 1400; x_wconf 76' lang='lat' dir='ltr'>mododefinitio</span> <span class='ocrx_word' id='word_1_86' title='bbox 498 1342 609 1397; x_wconf 80' lang='lat' dir='ltr'>motus</span> <span class='ocrx_word' id='word_1_87' title='bbox 619 1329 772 1424; x_wconf 83' lang='lat' dir='ltr'>gyratorii</span> <span class='ocrx_word' id='word_1_88' title='bbox 785 1319 876 1423; x_wconf 84' lang='lat' dir='ltr'>supro</span> <span class='ocrx_word' id='word_1_89' title='bbox 890 1323 959 1398; x_wconf 81' lang='lat' dir='ltr'>dota</span> <span class='ocrx_word' id='word_1_90' title='bbox 973 1325 1011 1398; x_wconf 87' lang='lat' dir='ltr'>ad</span> <span class='ocrx_word' id='word_1_91' title='bbox 1025 1348 1119 1400; x_wconf 77' lang='lat' dir='ltr'>exem</span> <span class='ocrx_word' id='word_1_92' title='bbox 1134 1323 1237 1398; x_wconf 83' lang='lat' dir='ltr'>fixum</span> <span class='ocrx_word' id='word_1_93' title='bbox 1252 1321 1307 1400; x_wconf 88' lang='lat' dir='ltr'>sou</span> <span class='ocrx_word' id='word_1_94' title='bbox 1320 1321 1485 1428; x_wconf 80' lang='lat' dir='ltr'>quiescen-</span> 
     </span>
     <span class='ocr_line' id='line_1_12' title="bbox 128 1422 1634 1527; baseline 0 -27"><span class='ocrx_word' id='word_1_95' title='bbox 128 1435 203 1507; x_wconf 73' lang='lat' dir='ltr'>te&#39;m</span> <span class='ocrx_word' id='word_1_96' title='bbox 227 1424 473 1509; x_wconf 74' lang='lat' dir='ltr'>eruedstriru,</span> <span class='ocrx_word' id='word_1_97' title='bbox 497 1430 588 1500; x_wconf 74' lang='lat' dir='ltr'>u&#39;t‘mc</span> <span class='ocrx_word' id='word_1_98' title='bbox 608 1445 715 1498; x_wconf 81' lang='lat' dir='ltr'>nmern</span> <span class='ocrx_word' id='word_1_99' title='bbox 735 1422 888 1498; x_wconf 74' lang='lat' dir='ltr'>oderem</span> <span class='ocrx_word' id='word_1_100' title='bbox 912 1445 1042 1500; x_wconf 86' lang='lat' dir='ltr'>motum</span> <span class='ocrx_word' id='word_1_101' title='bbox 1064 1424 1259 1512; x_wconf 80' lang='lat' dir='ltr'>extenditur,</span> <span class='ocrx_word' id='word_1_102' title='bbox 1285 1449 1500 1527; x_wconf 58' lang='lat' dir='ltr'>qmetronn·</span> <span class='ocrx_word' id='word_1_103' title='bbox 1561 1485 1564 1494; x_wconf 70' lang='grc'><em>,</em></span> <span class='ocrx_word' id='word_1_104' title='bbox 1630 1457 1634 1465; x_wconf 62' lang='grc'><em>“</em></span> 
     </span>
     <span class='ocr_line' id='line_1_13' title="bbox 130 1523 1585 1626; baseline 0.001 -28"><span class='ocrx_word' id='word_1_105' title='bbox 130 1525 210 1599; x_wconf 83' lang='lat' dir='ltr'>sario</span> <span class='ocrx_word' id='word_1_106' title='bbox 234 1551 291 1626; x_wconf 90' lang='lat' dir='ltr'>per</span> <span class='ocrx_word' id='word_1_107' title='bbox 306 1525 413 1600; x_wconf 80' lang='lat' dir='ltr'>ideam</span> <span class='ocrx_word' id='word_1_108' title='bbox 432 1523 522 1626; x_wconf 84' lang='lat' dir='ltr'>spatii</span> <span class='ocrx_word' id='word_1_109' title='bbox 542 1531 625 1597; x_wconf 90' lang='lat' dir='ltr'>moti</span> <span class='ocrx_word' id='word_1_110' title='bbox 652 1526 895 1612; x_wconf 80' lang='lat' dir='ltr'>corroboratur,</span> <span class='ocrx_word' id='word_1_111' title='bbox 940 1525 1131 1602; x_wconf 85' lang='lat' dir='ltr'>dummodo</span> <span class='ocrx_word' id='word_1_112' title='bbox 1154 1526 1190 1600; x_wconf 86' lang='lat' dir='ltr'>ut</span> <span class='ocrx_word' id='word_1_113' title='bbox 1209 1529 1259 1600; x_wconf 92' lang='lat' dir='ltr'>bic</span> <span class='ocrx_word' id='word_1_114' title='bbox 1279 1523 1483 1614; x_wconf 77' lang='lat' dir='ltr'>assumimus,</span> <span class='ocrx_word' id='word_1_115' title='bbox 1580 1567 1585 1588; x_wconf 69' lang='grc' dir='ltr'><strong><em>ι</em></strong></span> 
     </span>
     <span class='ocr_line' id='line_1_14' title="bbox 130 1619 1539 1728; baseline 0.001 -28"><span class='ocrx_word' id='word_1_116' title='bbox 130 1632 200 1701; x_wconf 77' lang='lat' dir='ltr'>axis</span> <span class='ocrx_word' id='word_1_117' title='bbox 220 1625 276 1700; x_wconf 89' lang='lat' dir='ltr'>fibi</span> <span class='ocrx_word' id='word_1_118' title='bbox 295 1623 422 1728; x_wconf 87' lang='lat' dir='ltr'>semper</span> <span class='ocrx_word' id='word_1_119' title='bbox 443 1647 572 1700; x_wconf 80' lang='lat' dir='ltr'>trraneot</span> <span class='ocrx_word' id='word_1_120' title='bbox 593 1619 772 1724; x_wconf 81' lang='lat' dir='ltr'>parallelus.</span> <span class='ocrx_word' id='word_1_121' title='bbox 825 1630 1028 1718; x_wconf 85' lang='lat' dir='ltr'>Quinetiam</span> <span class='ocrx_word' id='word_1_122' title='bbox 1050 1625 1252 1728; x_wconf 88' lang='lat' dir='ltr'>perspicuum</span> <span class='ocrx_word' id='word_1_123' title='bbox 1276 1628 1339 1716; x_wconf 84' lang='lat' dir='ltr'>ess,</span> <span class='ocrx_word' id='word_1_124' title='bbox 1365 1625 1482 1702; x_wconf 80' lang='lat' dir='ltr'>fialtec</span> <span class='ocrx_word' id='word_1_125' title='bbox 1535 1651 1539 1660; x_wconf 79' lang='grc'><em>“</em></span> 
     </span>
     <span class='ocr_line' id='line_1_15' title="bbox 129 1723 1482 1830; baseline 0.001 -28"><span class='ocrx_word' id='word_1_126' title='bbox 129 1748 244 1802; x_wconf 79' lang='lat' dir='ltr'>ntotue</span> <span class='ocrx_word' id='word_1_127' title='bbox 262 1725 477 1828; x_wconf 82' lang='lat' dir='ltr'>progressum</span> <span class='ocrx_word' id='word_1_128' title='bbox 496 1725 660 1798; x_wconf 82' lang='lat' dir='ltr'>tolleretur</span> <span class='ocrx_word' id='word_1_129' title='bbox 685 1727 733 1800; x_wconf 85' lang='lat' dir='ltr'>vel</span> <span class='ocrx_word' id='word_1_130' title='bbox 755 1723 972 1818; x_wconf 71' lang='lat' dir='ltr'>evanesceret,</span> <span class='ocrx_word' id='word_1_131' title='bbox 1009 1749 1139 1802; x_wconf 87' lang='lat' dir='ltr'>motum</span> <span class='ocrx_word' id='word_1_132' title='bbox 1160 1736 1360 1828; x_wconf 82' lang='lat' dir='ltr'>gyrrtorium</span> <span class='ocrx_word' id='word_1_133' title='bbox 1379 1726 1482 1830; x_wconf 85' lang='lat' dir='ltr'>perse·</span> 
     </span>
     <span class='ocr_line' id='line_1_16' title="bbox 128 1821 1480 1929; baseline 0 -27"><span class='ocrx_word' id='word_1_134' title='bbox 128 1829 224 1902; x_wconf 68' lang='lat' dir='ltr'>diurn</span> <span class='ocrx_word' id='word_1_135' title='bbox 237 1829 365 1929; x_wconf 89' lang='lat' dir='ltr'>qualem</span> <span class='ocrx_word' id='word_1_136' title='bbox 380 1823 470 1927; x_wconf 87' lang='lat' dir='ltr'>supra</span> <span class='ocrx_word' id='word_1_137' title='bbox 484 1821 703 1925; x_wconf 79' lang='lat' dir='ltr'>descripsimus</span> <span class='ocrx_word' id='word_1_138' title='bbox 722 1821 784 1901; x_wconf 81' lang='lat' dir='ltr'>esse</span> <span class='ocrx_word' id='word_1_139' title='bbox 802 1825 1032 1901; x_wconf 81' lang='lat' dir='ltr'>rerttansunrm.</span> <span class='ocrx_word' id='word_1_140' title='bbox 1071 1833 1166 1926; x_wconf 66' lang='lat' dir='ltr'>Quo</span> <span class='ocrx_word' id='word_1_141' title='bbox 1185 1836 1294 1902; x_wconf 82' lang='lat' dir='ltr'>minus</span> <span class='ocrx_word' id='word_1_142' title='bbox 1312 1838 1369 1904; x_wconf 87' lang='lat' dir='ltr'>erit</span> <span class='ocrx_word' id='word_1_143' title='bbox 1386 1827 1480 1902; x_wconf 87' lang='lat' dir='ltr'>dubi·</span> 
     </span>
     <span class='ocr_line' id='line_1_17' title="bbox 125 1923 1482 2033; baseline 0.002 -31"><span class='ocrx_word' id='word_1_144' title='bbox 125 1923 288 2014; x_wconf 70' lang='lat' dir='ltr'>rbud&#39;r&#39;un,</span> <span class='ocrx_word' id='word_1_145' title='bbox 317 1931 396 2026; x_wconf 84' lang='lat' dir='ltr'>quin</span> <span class='ocrx_word' id='word_1_146' title='bbox 415 1928 485 2000; x_wconf 82' lang='lat' dir='ltr'>taiir</span> <span class='ocrx_word' id='word_1_147' title='bbox 504 1943 615 2000; x_wconf 83' lang='lat' dir='ltr'>motus</span> <span class='ocrx_word' id='word_1_148' title='bbox 636 1928 721 2000; x_wconf 79' lang='lat' dir='ltr'>rene</span> <span class='ocrx_word' id='word_1_149' title='bbox 740 1952 779 2000; x_wconf 82' lang='lat' dir='ltr'>ex</span> <span class='ocrx_word' id='word_1_150' title='bbox 802 1927 1000 2028; x_wconf 84' lang='lat' dir='ltr'>progreffivo</span> <span class='ocrx_word' id='word_1_151' title='bbox 1016 1947 1048 2002; x_wconf 85' lang='lat' dir='ltr'>et</span> <span class='ocrx_word' id='word_1_152' title='bbox 1060 1933 1223 2029; x_wconf 79' lang='lat' dir='ltr'>gyratorio</span> <span class='ocrx_word' id='word_1_153' title='bbox 1240 1929 1482 2033; x_wconf 85' lang='lat' dir='ltr'>mixtusoppel·</span> 
     </span>
     <span class='ocr_line' id='line_1_18' title="bbox 123 2023 1378 2130; baseline 0.001 -25"><span class='ocrx_word' id='word_1_154' title='bbox 123 2028 234 2119; x_wconf 78' lang='lat' dir='ltr'>secur,</span> <span class='ocrx_word' id='word_1_155' title='bbox 258 2036 416 2130; x_wconf 87' lang='lat' dir='ltr'>quoniam</span> <span class='ocrx_word' id='word_1_156' title='bbox 431 2029 579 2104; x_wconf 83' lang='lat' dir='ltr'>alterutro</span> <span class='ocrx_word' id='word_1_157' title='bbox 591 2023 714 2104; x_wconf 91' lang='lat' dir='ltr'>sublato</span> <span class='ocrx_word' id='word_1_158' title='bbox 732 2027 811 2102; x_wconf 82' lang='lat' dir='ltr'>alter</span> <span class='ocrx_word' id='word_1_159' title='bbox 824 2055 949 2122; x_wconf 86' lang='lat' dir='ltr'>nornen</span> <span class='ocrx_word' id='word_1_160' title='bbox 962 2026 1056 2105; x_wconf 87' lang='lat' dir='ltr'>suum</span> <span class='ocrx_word' id='word_1_161' title='bbox 1070 2036 1138 2127; x_wconf 87' lang='lat' dir='ltr'>juro</span> <span class='ocrx_word' id='word_1_162' title='bbox 1150 2028 1209 2108; x_wconf 88' lang='lat' dir='ltr'>srbi</span> <span class='ocrx_word' id='word_1_163' title='bbox 1223 2029 1378 2122; x_wconf 80' lang='lat' dir='ltr'>vendicet.</span> 
     </span>
    </p>
   </div>
   <div class='ocr_carea' id='block_1_3' title="bbox 475 2249 1019 2371">
    <p class='ocr_par' dir='ltr' id='par_1_3' title="bbox 475 2249 1019 2371">
     <span class='ocr_line' id='line_1_19' title="bbox 475 2249 1019 2371; baseline 0.011 -32"><span class='ocrx_word' id='word_1_164' title='bbox 475 2249 481 2262; x_wconf 85' lang='lat'>&#39;</span> <span class='ocrx_word' id='word_1_165' title='bbox 591 2265 1019 2371; x_wconf 72' lang='lat' dir='ltr'>condrion</span> 
     </span>
    </p>
   </div>
   <div class='ocr_carea' id='block_1_4' title="bbox 64 2401 1643 3820">
    <p class='ocr_par' dir='ltr' id='par_1_4' title="bbox 64 2401 1583 3012">
     <span class='ocr_line' id='line_1_20' title="bbox 232 2401 1519 2508; baseline -0.001 -27"><span class='ocrx_word' id='word_1_166' title='bbox 232 2410 317 2501; x_wconf 82' lang='lat'>596.</span> <span class='ocrx_word' id='word_1_167' title='bbox 356 2403 449 2478; x_wconf 84' lang='lat' dir='ltr'>Circa</span> <span class='ocrx_word' id='word_1_168' title='bbox 474 2401 571 2478; x_wconf 80' lang='lat' dir='ltr'>telem</span> <span class='ocrx_word' id='word_1_169' title='bbox 592 2422 722 2508; x_wconf 80' lang='lat' dir='ltr'>unctum</span> <span class='ocrx_word' id='word_1_170' title='bbox 742 2409 883 2480; x_wconf 86' lang='lat' dir='ltr'>mixtum</span> <span class='ocrx_word' id='word_1_171' title='bbox 903 2409 1007 2480; x_wconf 84' lang='lat' dir='ltr'>variae</span> <span class='ocrx_word' id='word_1_172' title='bbox 1023 2405 1225 2506; x_wconf 77' lang='lat' dir='ltr'>quaestiones</span> <span class='ocrx_word' id='word_1_173' title='bbox 1242 2408 1380 2483; x_wconf 83' lang='lat' dir='ltr'>veniunt</span> <span class='ocrx_word' id='word_1_174' title='bbox 1396 2431 1474 2480; x_wconf 86' lang='lat' dir='ltr'>con·</span> <span class='ocrx_word' id='word_1_175' title='bbox 1514 2441 1519 2456; x_wconf 90' lang='lat'><strong>·</strong></span> 
     </span>
     <span class='ocr_line' id='line_1_21' title="bbox 127 2504 1567 2606; baseline -0.001 -23"><span class='ocrx_word' id='word_1_176' title='bbox 127 2505 328 2592; x_wconf 74' lang='lat' dir='ltr'>srderauda&#39;e,</span> <span class='ocrx_word' id='word_1_177' title='bbox 358 2529 496 2606; x_wconf 87' lang='lat' dir='ltr'>quarum</span> <span class='ocrx_word' id='word_1_178' title='bbox 515 2513 619 2604; x_wconf 86' lang='lat' dir='ltr'>prima</span> <span class='ocrx_word' id='word_1_179' title='bbox 640 2504 701 2592; x_wconf 82' lang='lat' dir='ltr'>esi,</span> <span class='ocrx_word' id='word_1_180' title='bbox 733 2507 906 2604; x_wconf 91' lang='lat' dir='ltr'>quomodo</span> <span class='ocrx_word' id='word_1_181' title='bbox 926 2507 1139 2606; x_wconf 85' lang='lat' dir='ltr'>talis&#39;rnotus,</span> <span class='ocrx_word' id='word_1_182' title='bbox 1161 2507 1189 2582; x_wconf 83' lang='lat' dir='ltr'>st</span> <span class='ocrx_word' id='word_1_183' title='bbox 1204 2509 1310 2584; x_wconf 88' lang='lat' dir='ltr'>nullae</span> <span class='ocrx_word' id='word_1_184' title='bbox 1324 2516 1406 2584; x_wconf 83' lang='lat' dir='ltr'>uiree</span> <span class='ocrx_word' id='word_1_185' title='bbox 1421 2535 1475 2582; x_wconf 87' lang='lat' dir='ltr'>ac·</span> <span class='ocrx_word' id='word_1_186' title='bbox 1563 2529 1567 2538; x_wconf 87' lang='lat'>&#39;</span> 
     </span>
     <span class='ocr_line' id='line_1_22' title="bbox 64 2603 1583 2712; baseline -0.002 -28"><span class='ocrx_word' id='word_1_187' title='bbox 64 2681 67 2688; x_wconf 88' lang='grc'>,</span> <span class='ocrx_word' id='word_1_188' title='bbox 125 2605 292 2695; x_wconf 67' lang='grc' dir='ltr'>ειέΕεῐίηε,</span> <span class='ocrx_word' id='word_1_189' title='bbox 321 2603 353 2682; x_wconf 85' lang='lat' dir='ltr'>se</span> <span class='ocrx_word' id='word_1_190' title='bbox 372 2605 410 2679; x_wconf 89' lang='lat' dir='ltr'>fit</span> <span class='ocrx_word' id='word_1_191' title='bbox 428 2607 610 2690; x_wconf 76' lang='lat' dir='ltr'>habiturus,</span> <span class='ocrx_word' id='word_1_192' title='bbox 638 2607 696 2680; x_wconf 87' lang='lat' dir='ltr'>ubi</span> <span class='ocrx_word' id='word_1_193' title='bbox 719 2607 851 2708; x_wconf 89' lang='lat' dir='ltr'>quidem</span> <span class='ocrx_word' id='word_1_194' title='bbox 870 2612 934 2698; x_wconf 77' lang='lat' dir='ltr'>jam</span> <span class='ocrx_word' id='word_1_195' title='bbox 952 2609 1112 2694; x_wconf 76' lang='lat' dir='ltr'>ridirnuc,</span> <span class='ocrx_word' id='word_1_196' title='bbox 1143 2616 1314 2712; x_wconf 81' lang='lat' dir='ltr'>utrumque</span> <span class='ocrx_word' id='word_1_197' title='bbox 1327 2611 1477 2710; x_wconf 82' lang='lat' dir='ltr'>oequubi·</span> <span class='ocrx_word' id='word_1_198' title='bbox 1540 2617 1583 2681; x_wconf 79' lang='lat' dir='ltr'>s.</span> 
     </span>
     <span class='ocr_line' id='line_1_23' title="bbox 127 2705 1477 2810; baseline -0.001 -28"><span class='ocrx_word' id='word_1_199' title='bbox 127 2710 198 2784; x_wconf 82' lang='lat' dir='ltr'>liter</span> <span class='ocrx_word' id='word_1_200' title='bbox 222 2705 286 2784; x_wconf 85' lang='lat' dir='ltr'>esse</span> <span class='ocrx_word' id='word_1_201' title='bbox 305 2707 536 2810; x_wconf 72' lang='lat' dir='ltr'>peucedanum.</span> <span class='ocrx_word' id='word_1_202' title='bbox 610 2707 739 2781; x_wconf 83' lang='lat' dir='ltr'>Deinde</span> <span class='ocrx_word' id='word_1_203' title='bbox 759 2709 877 2804; x_wconf 77' lang='lat' dir='ltr'>viribus</span> <span class='ocrx_word' id='word_1_204' title='bbox 894 2707 1114 2784; x_wconf 72' lang='lat' dir='ltr'>accedentibus</span> <span class='ocrx_word' id='word_1_205' title='bbox 1132 2711 1353 2810; x_wconf 76' lang='lat' dir='ltr'>quaestionem</span> <span class='ocrx_word' id='word_1_206' title='bbox 1382 2715 1477 2781; x_wconf 84' lang='lat' dir='ltr'>mini·</span> 
     </span>
     <span class='ocr_line' id='line_1_24' title="bbox 127 2807 1513 2912; baseline -0.002 -28"><span class='ocrx_word' id='word_1_207' title='bbox 127 2839 180 2886; x_wconf 88' lang='lat' dir='ltr'>tne</span> <span class='ocrx_word' id='word_1_208' title='bbox 207 2819 243 2884; x_wconf 93' lang='lat' dir='ltr'>in</span> <span class='ocrx_word' id='word_1_209' title='bbox 259 2837 377 2912; x_wconf 86' lang='lat' dir='ltr'>genere</span> <span class='ocrx_word' id='word_1_210' title='bbox 403 2812 534 2900; x_wconf 70' lang='lat' dir='ltr'>erudiere</span> <span class='ocrx_word' id='word_1_211' title='bbox 557 2807 653 2896; x_wconf 87' lang='lat' dir='ltr'>sicet,</span> <span class='ocrx_word' id='word_1_212' title='bbox 696 2829 731 2884; x_wconf 89' lang='lat' dir='ltr'>ut</span> <span class='ocrx_word' id='word_1_213' title='bbox 754 2815 885 2881; x_wconf 78' lang='lat' dir='ltr'>variatio</span> <span class='ocrx_word' id='word_1_214' title='bbox 905 2815 1070 2910; x_wconf 76' lang='lat' dir='ltr'>utriusque</span> <span class='ocrx_word' id='word_1_215' title='bbox 1094 2835 1205 2884; x_wconf 91' lang='lat' dir='ltr'>motus</span> <span class='ocrx_word' id='word_1_216' title='bbox 1227 2840 1244 2883; x_wconf 79' lang='lat' dir='ltr'>e</span> <span class='ocrx_word' id='word_1_217' title='bbox 1267 2811 1385 2882; x_wconf 80' lang='lat' dir='ltr'>viribus</span> <span class='ocrx_word' id='word_1_218' title='bbox 1405 2816 1475 2908; x_wconf 90' lang='lat' dir='ltr'>qui·</span> <span class='ocrx_word' id='word_1_219' title='bbox 1509 2811 1513 2819; x_wconf 85' lang='grc'><strong>’</strong></span> 
     </span>
     <span class='ocr_line' id='line_1_25' title="bbox 126 2905 1474 3012; baseline -0.001 -28"><span class='ocrx_word' id='word_1_220' title='bbox 126 2915 317 3011; x_wconf 85' lang='lat' dir='ltr'>burcunque</span> <span class='ocrx_word' id='word_1_221' title='bbox 335 2931 404 2984; x_wconf 89' lang='lat' dir='ltr'>orta</span> <span class='ocrx_word' id='word_1_222' title='bbox 423 2907 610 3002; x_wconf 82' lang='lat' dir='ltr'>definiatur3</span> <span class='ocrx_word' id='word_1_223' title='bbox 650 2905 702 2982; x_wconf 88' lang='lat' dir='ltr'>sed</span> <span class='ocrx_word' id='word_1_224' title='bbox 722 2934 758 2984; x_wconf 86' lang='lat' dir='ltr'>ea</span> <span class='ocrx_word' id='word_1_225' title='bbox 777 2929 902 2984; x_wconf 78' lang='lat' dir='ltr'>tanturn</span> <span class='ocrx_word' id='word_1_226' title='bbox 920 2911 960 2983; x_wconf 86' lang='lat' dir='ltr'>ad</span> <span class='ocrx_word' id='word_1_227' title='bbox 979 2933 1062 2986; x_wconf 86' lang='lat' dir='ltr'>certa</span> <span class='ocrx_word' id='word_1_228' title='bbox 1083 2917 1200 2984; x_wconf 88' lang='lat' dir='ltr'>virium</span> <span class='ocrx_word' id='word_1_229' title='bbox 1222 2935 1339 3012; x_wconf 85' lang='lat' dir='ltr'>genera</span> <span class='ocrx_word' id='word_1_230' title='bbox 1359 2907 1405 2985; x_wconf 86' lang='lat' dir='ltr'>esi</span> <span class='ocrx_word' id='word_1_231' title='bbox 1425 2934 1474 2983; x_wconf 88' lang='lat' dir='ltr'>rc·</span> 
     </span>
    </p>

    <p class='ocr_par' dir='ltr' id='par_1_5' title="bbox 96 3005 1557 3214">
     <span class='ocr_line' id='line_1_26' title="bbox 96 3005 1557 3114; baseline -0.003 -30"><span class='ocrx_word' id='word_1_232' title='bbox 96 3059 102 3072; x_wconf 89' lang='lat'><strong>·</strong></span> <span class='ocrx_word' id='word_1_233' title='bbox 127 3012 320 3114; x_wconf 78' lang='lat' dir='ltr'>stringenda.</span> <span class='ocrx_word' id='word_1_234' title='bbox 383 3013 472 3084; x_wconf 80' lang='lat' dir='ltr'>Cum</span> <span class='ocrx_word' id='word_1_235' title='bbox 493 3006 610 3084; x_wconf 89' lang='lat' dir='ltr'>scilicet</span> <span class='ocrx_word' id='word_1_236' title='bbox 629 3033 730 3086; x_wconf 78' lang='lat' dir='ltr'>cernae</span> <span class='ocrx_word' id='word_1_237' title='bbox 752 3009 812 3084; x_wconf 84' lang='lat' dir='ltr'>sint</span> <span class='ocrx_word' id='word_1_238' title='bbox 830 3019 927 3096; x_wconf 82' lang='lat' dir='ltr'>vires,</span> <span class='ocrx_word' id='word_1_239' title='bbox 957 3005 1039 3113; x_wconf 76' lang='lat' dir='ltr'>quae</span> <span class='ocrx_word' id='word_1_240' title='bbox 1059 3034 1232 3113; x_wconf 88' lang='lat' dir='ltr'>utrumque</span> <span class='ocrx_word' id='word_1_241' title='bbox 1246 3031 1375 3084; x_wconf 87' lang='lat' dir='ltr'>monun</span> <span class='ocrx_word' id='word_1_242' title='bbox 1390 3007 1474 3088; x_wconf 85' lang='lat' dir='ltr'>seor·</span> <span class='ocrx_word' id='word_1_243' title='bbox 1553 3058 1557 3067; x_wconf 89' lang='lat'>-</span> 
     </span>
     <span class='ocr_line' id='line_1_27' title="bbox 119 3111 1473 3214; baseline -0.003 -26"><span class='ocrx_word' id='word_1_244' title='bbox 119 3113 186 3210; x_wconf 53' lang='lat' dir='ltr'>‚stur</span> <span class='ocrx_word' id='word_1_245' title='bbox 206 3122 249 3188; x_wconf 86' lang='lat' dir='ltr'>ita</span> <span class='ocrx_word' id='word_1_246' title='bbox 269 3113 415 3196; x_wconf 87' lang='lat' dir='ltr'>turbant,</span> <span class='ocrx_word' id='word_1_247' title='bbox 446 3132 482 3184; x_wconf 92' lang='lat' dir='ltr'>ut</span> <span class='ocrx_word' id='word_1_248' title='bbox 500 3139 603 3212; x_wconf 84' lang='lat' dir='ltr'>genus</span> <span class='ocrx_word' id='word_1_249' title='bbox 622 3133 733 3186; x_wconf 79' lang='lat' dir='ltr'>motus</span> <span class='ocrx_word' id='word_1_250' title='bbox 755 3137 824 3186; x_wconf 87' lang='lat' dir='ltr'>non</span> <span class='ocrx_word' id='word_1_251' title='bbox 843 3133 1004 3202; x_wconf 91' lang='lat' dir='ltr'>mutetur,</span> <span class='ocrx_word' id='word_1_252' title='bbox 1029 3118 1079 3188; x_wconf 80' lang='lat' dir='ltr'>his</span> <span class='ocrx_word' id='word_1_253' title='bbox 1093 3112 1325 3214; x_wconf 81' lang='lat' dir='ltr'>conjungendis</span> <span class='ocrx_word' id='word_1_254' title='bbox 1340 3139 1392 3188; x_wconf 88' lang='lat' dir='ltr'>eas</span> <span class='ocrx_word' id='word_1_255' title='bbox 1408 3111 1473 3185; x_wconf 86' lang='lat' dir='ltr'>adi·</span> 
     </span>
    </p>

    <p class='ocr_par' dir='ltr' id='par_1_6' title="bbox 92 3209 1643 3820">
     <span class='ocr_line' id='line_1_28' title="bbox 92 3209 1613 3318; baseline 0.002 -31"><span class='ocrx_word' id='word_1_256' title='bbox 92 3235 95 3244; x_wconf 87' lang='lat'>&#39;</span> <span class='ocrx_word' id='word_1_257' title='bbox 125 3211 285 3318; x_wconf 80' lang='lat' dir='ltr'>piscernur</span> <span class='ocrx_word' id='word_1_258' title='bbox 303 3221 401 3310; x_wconf 76' lang='lat' dir='ltr'>uires,</span> <span class='ocrx_word' id='word_1_259' title='bbox 439 3239 575 3313; x_wconf 89' lang='lat' dir='ltr'>quarum</span> <span class='ocrx_word' id='word_1_260' title='bbox 606 3211 758 3288; x_wconf 72' lang='lat' dir='ltr'>eflectum</span> <span class='ocrx_word' id='word_1_261' title='bbox 786 3219 819 3286; x_wconf 91' lang='lat' dir='ltr'>iu</span> <span class='ocrx_word' id='word_1_262' title='bbox 844 3215 1029 3304; x_wconf 82' lang='lat' dir='ltr'>hujusmodi</span> <span class='ocrx_word' id='word_1_263' title='bbox 1050 3217 1194 3288; x_wconf 89' lang='lat' dir='ltr'>motibus</span> <span class='ocrx_word' id='word_1_264' title='bbox 1216 3217 1321 3287; x_wconf 85' lang='lat' dir='ltr'>mixtis</span> <span class='ocrx_word' id='word_1_265' title='bbox 1340 3209 1476 3290; x_wconf 76' lang='lat' dir='ltr'>definire</span> <span class='ocrx_word' id='word_1_266' title='bbox 1579 3235 1613 3310; x_wconf 62' lang='lat' dir='ltr'><em>j</em></span> 
     </span>
     <span class='ocr_line' id='line_1_29' title="bbox 126 3312 1643 3416; baseline -0.001 -29"><span class='ocrx_word' id='word_1_267' title='bbox 126 3317 312 3393; x_wconf 74' lang='lat' dir='ltr'>valebimus.</span> <span class='ocrx_word' id='word_1_268' title='bbox 383 3313 435 3388; x_wconf 75' lang='lat' dir='ltr'>Ue</span> <span class='ocrx_word' id='word_1_269' title='bbox 456 3314 584 3416; x_wconf 87' lang='lat' dir='ltr'>reliquis</span> <span class='ocrx_word' id='word_1_270' title='bbox 602 3337 711 3408; x_wconf 75' lang='lat' dir='ltr'>autern</span> <span class='ocrx_word' id='word_1_271' title='bbox 732 3316 853 3388; x_wconf 76' lang='lat' dir='ltr'>cuutiis</span> <span class='ocrx_word' id='word_1_272' title='bbox 873 3317 989 3390; x_wconf 77' lang='lat' dir='ltr'>viribus</span> <span class='ocrx_word' id='word_1_273' title='bbox 1008 3318 1086 3390; x_wconf 87' lang='lat' dir='ltr'>nibil</span> <span class='ocrx_word' id='word_1_274' title='bbox 1108 3317 1194 3389; x_wconf 83' lang='lat' dir='ltr'>aliud</span> <span class='ocrx_word' id='word_1_275' title='bbox 1214 3315 1375 3388; x_wconf 85' lang='lat' dir='ltr'>affirmare</span> <span class='ocrx_word' id='word_1_276' title='bbox 1397 3312 1473 3386; x_wconf 89' lang='lat' dir='ltr'>sice·</span> <span class='ocrx_word' id='word_1_277' title='bbox 1537 3379 1545 3394; x_wconf 87' lang='lat'>,</span> <span class='ocrx_word' id='word_1_278' title='bbox 1639 3321 1643 3330; x_wconf 92' lang='lat'>&#39;</span> 
     </span>
     <span class='ocr_line' id='line_1_30' title="bbox 127 3413 1474 3520; baseline -0.002 -31"><span class='ocrx_word' id='word_1_279' title='bbox 127 3419 188 3504; x_wconf 86' lang='lat' dir='ltr'>bit,</span> <span class='ocrx_word' id='word_1_280' title='bbox 221 3417 281 3490; x_wconf 80' lang='lat' dir='ltr'>nisi</span> <span class='ocrx_word' id='word_1_281' title='bbox 301 3417 390 3518; x_wconf 89' lang='lat' dir='ltr'>qnod</span> <span class='ocrx_word' id='word_1_282' title='bbox 408 3422 472 3488; x_wconf 80' lang='lat' dir='ltr'>axis</span> <span class='ocrx_word' id='word_1_283' title='bbox 490 3421 668 3516; x_wconf 71' lang='lat' dir='ltr'>gyrationie</span> <span class='ocrx_word' id='word_1_284' title='bbox 688 3444 756 3490; x_wconf 92' lang='lat' dir='ltr'>nou</span> <span class='ocrx_word' id='word_1_285' title='bbox 780 3415 816 3489; x_wconf 85' lang='lat' dir='ltr'>fit</span> <span class='ocrx_word' id='word_1_286' title='bbox 835 3415 931 3490; x_wconf 79' lang='lat' dir='ltr'>irum</span> <span class='ocrx_word' id='word_1_287' title='bbox 952 3416 1008 3490; x_wconf 85' lang='lat' dir='ltr'>fibi</span> <span class='ocrx_word' id='word_1_288' title='bbox 1023 3439 1177 3520; x_wconf 88' lang='lat' dir='ltr'>perpetuo</span> <span class='ocrx_word' id='word_1_289' title='bbox 1193 3417 1378 3518; x_wconf 82' lang='lat' dir='ltr'>porasselum</span> <span class='ocrx_word' id='word_1_290' title='bbox 1390 3413 1474 3486; x_wconf 64' lang='lat' dir='ltr'>‘con-</span> 
     </span>
     <span class='ocr_line' id='line_1_31' title="bbox 124 3514 1476 3620; baseline -0.006 -26"><span class='ocrx_word' id='word_1_291' title='bbox 124 3518 312 3594; x_wconf 81' lang='lat' dir='ltr'>seruaturus.</span> <span class='ocrx_word' id='word_1_292' title='bbox 368 3517 532 3614; x_wconf 80' lang='lat' dir='ltr'>Quamdiu</span> <span class='ocrx_word' id='word_1_293' title='bbox 547 3523 636 3590; x_wconf 87' lang='lat' dir='ltr'>enim</span> <span class='ocrx_word' id='word_1_294' title='bbox 657 3523 723 3592; x_wconf 86' lang='lat' dir='ltr'>axis</span> <span class='ocrx_word' id='word_1_295' title='bbox 739 3515 795 3590; x_wconf 78' lang='lat' dir='ltr'>fibi</span> <span class='ocrx_word' id='word_1_296' title='bbox 811 3539 919 3592; x_wconf 86' lang='lat' dir='ltr'>munet</span> <span class='ocrx_word' id='word_1_297' title='bbox 932 3519 1119 3620; x_wconf 77' lang='lat' dir='ltr'>parallelus,</span> <span class='ocrx_word' id='word_1_298' title='bbox 1152 3541 1263 3592; x_wconf 88' lang='lat' dir='ltr'>motus</span> <span class='ocrx_word' id='word_1_299' title='bbox 1276 3514 1402 3616; x_wconf 84' lang='lat' dir='ltr'>semper</span> <span class='ocrx_word' id='word_1_300' title='bbox 1416 3519 1476 3587; x_wconf 88' lang='lat' dir='ltr'>erit</span> 
     </span>
     <span class='ocr_line' id='line_1_32' title="bbox 125 3615 1543 3721; baseline -0.002 -26"><span class='ocrx_word' id='word_1_301' title='bbox 125 3629 244 3696; x_wconf 79' lang='lat' dir='ltr'>mixtus</span> <span class='ocrx_word' id='word_1_302' title='bbox 266 3645 305 3694; x_wconf 85' lang='lat' dir='ltr'>ex</span> <span class='ocrx_word' id='word_1_303' title='bbox 328 3615 526 3721; x_wconf 69' lang='lat' dir='ltr'>progressive</span> <span class='ocrx_word' id='word_1_304' title='bbox 548 3639 579 3690; x_wconf 87' lang='lat' dir='ltr'>et</span> <span class='ocrx_word' id='word_1_305' title='bbox 598 3625 784 3720; x_wconf 85' lang='lat' dir='ltr'>gyratnrio,</span> <span class='ocrx_word' id='word_1_306' title='bbox 813 3640 908 3721; x_wconf 87' lang='lat' dir='ltr'>atque</span> <span class='ocrx_word' id='word_1_307' title='bbox 923 3619 962 3693; x_wconf 85' lang='lat' dir='ltr'>ad</span> <span class='ocrx_word' id='word_1_308' title='bbox 978 3647 1098 3720; x_wconf 82' lang='lat' dir='ltr'>genus,</span> <span class='ocrx_word' id='word_1_309' title='bbox 1123 3621 1212 3720; x_wconf 89' lang='lat' dir='ltr'>quod</span> <span class='ocrx_word' id='word_1_310' title='bbox 1226 3625 1279 3691; x_wconf 91' lang='lat' dir='ltr'>hic</span> <span class='ocrx_word' id='word_1_311' title='bbox 1293 3619 1477 3702; x_wconf 73' lang='lat' dir='ltr'>tradamua,</span> <span class='ocrx_word' id='word_1_312' title='bbox 1541 3714 1543 3720; x_wconf 23' lang='grc' dir='ltr'>Ι</span> 
     </span>
     <span class='ocr_line' id='line_1_33' title="bbox 125 3719 1293 3820; baseline -0.004 -22"><span class='ocrx_word' id='word_1_313' title='bbox 125 3729 181 3798; x_wconf 86' lang='lat' dir='ltr'>erit</span> <span class='ocrx_word' id='word_1_314' title='bbox 195 3719 398 3800; x_wconf 80' lang='lat' dir='ltr'>referendus:</span> <span class='ocrx_word' id='word_1_315' title='bbox 424 3726 459 3808; x_wconf 85' lang='lat' dir='ltr'>in</span> <span class='ocrx_word' id='word_1_316' title='bbox 476 3745 544 3820; x_wconf 83' lang='lat' dir='ltr'>quo</span> <span class='ocrx_word' id='word_1_317' title='bbox 560 3725 717 3794; x_wconf 85' lang='lat' dir='ltr'>eximium</span> <span class='ocrx_word' id='word_1_318' title='bbox 730 3724 822 3816; x_wconf 82' lang='lat' dir='ltr'>hujus</span> <span class='ocrx_word' id='word_1_319' title='bbox 837 3739 946 3796; x_wconf 80' lang='lat' dir='ltr'>motus</span> <span class='ocrx_word' id='word_1_320' title='bbox 959 3725 1118 3798; x_wconf 75' lang='lat' dir='ltr'>criterium</span> <span class='ocrx_word' id='word_1_321' title='bbox 1131 3727 1293 3796; x_wconf 84' lang='lat' dir='ltr'>cernitur.·</span> 
     </span>
    </p>
   </div>
   <div class='ocr_carea' id='block_1_5' title="bbox 569 3969 1031 4065">
    <p class='ocr_par' dir='ltr' id='par_1_7' title="bbox 569 3969 1031 4065">
     <span class='ocr_line' id='line_1_34' title="bbox 569 3969 1031 4065; baseline 0.013 -19"><span class='ocrx_word' id='word_1_322' title='bbox 569 3969 970 4050; x_wconf 84' lang='lat' dir='ltr'><em>THEOREMA</em></span> <span class='ocrx_word' id='word_1_323' title='bbox 997 3994 1031 4065; x_wconf 89' lang='lat'>5.</span> 
     </span>
    </p>
   </div>
   <div class='ocr_carea' id='block_1_6' title="bbox 126 4093 1477 4422">
    <p class='ocr_par' dir='ltr' id='par_1_8' title="bbox 126 4093 1477 4422">
     <span class='ocr_line' id='line_1_35' title="bbox 227 4093 1476 4214; baseline 0.002 -30"><span class='ocrx_word' id='word_1_324' title='bbox 227 4131 314 4210; x_wconf 80' lang='lat'>597.</span> <span class='ocrx_word' id='word_1_325' title='bbox 352 4113 385 4184; x_wconf 79' lang='lat' dir='ltr'>st</span> <span class='ocrx_word' id='word_1_326' title='bbox 406 4115 537 4214; x_wconf 90' lang='lat' dir='ltr'>corpori</span> <span class='ocrx_word' id='word_1_327' title='bbox 556 4107 662 4212; x_wconf 86' lang='lat' dir='ltr'>rigido</span> <span class='ocrx_word' id='word_1_328' title='bbox 688 4093 968 4210; x_wconf 57' lang='lat' dir='ltr'>impreism&#39;soerit</span> <span class='ocrx_word' id='word_1_329' title='bbox 991 4129 1101 4185; x_wconf 73' lang='lat' dir='ltr'>motus</span> <span class='ocrx_word' id='word_1_330' title='bbox 1127 4103 1245 4188; x_wconf 79' lang='lat' dir='ltr'>mixtus</span> <span class='ocrx_word' id='word_1_331' title='bbox 1271 4137 1310 4186; x_wconf 79' lang='lat' dir='ltr'>er</span> <span class='ocrx_word' id='word_1_332' title='bbox 1326 4105 1476 4214; x_wconf 77' lang='lat' dir='ltr'>progres-</span> 
     </span>
     <span class='ocr_line' id='line_1_36' title="bbox 127 4207 1477 4315; baseline -0.004 -23"><span class='ocrx_word' id='word_1_333' title='bbox 127 4211 192 4292; x_wconf 82' lang='lat' dir='ltr'>fivo</span> <span class='ocrx_word' id='word_1_334' title='bbox 213 4235 245 4287; x_wconf 84' lang='lat' dir='ltr'>et</span> <span class='ocrx_word' id='word_1_335' title='bbox 264 4217 447 4312; x_wconf 81' lang='lat' dir='ltr'>gyrotorio,</span> <span class='ocrx_word' id='word_1_336' title='bbox 474 4211 572 4314; x_wconf 90' lang='lat' dir='ltr'>idque</span> <span class='ocrx_word' id='word_1_337' title='bbox 591 4239 607 4282; x_wconf 82' lang='lat' dir='ltr'>n</span> <span class='ocrx_word' id='word_1_338' title='bbox 629 4209 723 4283; x_wconf 81' lang='lat' dir='ltr'>uulsis</span> <span class='ocrx_word' id='word_1_339' title='bbox 738 4211 856 4284; x_wconf 83' lang='lat' dir='ltr'>viribus</span> <span class='ocrx_word' id='word_1_340' title='bbox 870 4237 969 4312; x_wconf 90' lang='lat' dir='ltr'>porro</span> <span class='ocrx_word' id='word_1_341' title='bbox 983 4207 1186 4301; x_wconf 80' lang='lat' dir='ltr'>sollicitetur,</span> <span class='ocrx_word' id='word_1_342' title='bbox 1212 4235 1384 4315; x_wconf 84' lang='lat' dir='ltr'>utrumque</span> <span class='ocrx_word' id='word_1_343' title='bbox 1404 4239 1477 4288; x_wconf 79' lang='lat' dir='ltr'>nio·</span> 
     </span>
     <span class='ocr_line' id='line_1_37' title="bbox 126 4309 1299 4422; baseline 0.002 -34"><span class='ocrx_word' id='word_1_344' title='bbox 126 4335 196 4390; x_wconf 79' lang='lat' dir='ltr'>tuni</span> <span class='ocrx_word' id='word_1_345' title='bbox 215 4309 421 4391; x_wconf 81' lang='lat' dir='ltr'>uniformiter</span> <span class='ocrx_word' id='word_1_346' title='bbox 441 4313 657 4414; x_wconf 80' lang='lat' dir='ltr'>continuabit,</span> <span class='ocrx_word' id='word_1_347' title='bbox 687 4331 720 4389; x_wconf 78' lang='lat' dir='ltr'>et</span> <span class='ocrx_word' id='word_1_348' title='bbox 738 4311 1242 4422; x_wconf 65' lang='lat' dir='ltr'>progreffiuuserirrediisinem.</span> <span class='ocrx_word' id='word_1_349' title='bbox 1297 4313 1299 4321; x_wconf 82' lang='lat'>&#39;</span> 
     </span>
    </p>
   </div>
   <div class='ocr_carea' id='block_1_7' title="bbox 1228 4425 1611 4564">
    <p class='ocr_par' dir='ltr' id='par_1_9' title="bbox 1228 4425 1611 4564">
     <span class='ocr_line' id='line_1_38' title="bbox 1228 4425 1611 4564; baseline -0.01 -24"><span class='ocrx_word' id='word_1_350' title='bbox 1228 4425 1489 4564; x_wconf 60' lang='grc' dir='ltr'>ὀῑΜοΛιι</span> <span class='ocrx_word' id='word_1_351' title='bbox 1610 4467 1611 4478; x_wconf 46' lang='lat'>¹</span> 
     </span>
    </p>
   </div>
   <div class='ocr_carea' id='block_1_8' title="bbox 0 0 1950 4988">
    <p class='ocr_par' dir='ltr' id='par_1_10' title="bbox 0 0 1950 4988">
     <span class='ocr_line' id='line_1_39' title="bbox 0 0 1950 4988; baseline 0 4"><span class='ocrx_word' id='word_1_352' title='bbox 0 0 1950 4988; x_wconf 95' lang='lat' dir='ltr'> </span> 
     </span>
    </p>
   </div>
  </div>
 </body>
</html>
