<?xml version="1.0" encoding="UTF-8"?>
<!DOCTYPE html PUBLIC "-//W3C//DTD XHTML 1.0 Transitional//EN"
    "http://www.w3.org/TR/xhtml1/DTD/xhtml1-transitional.dtd">
<html xmlns="http://www.w3.org/1999/xhtml" xml:lang="en" lang="en">
 <head>
  <title>
</title>
<meta http-equiv="Content-Type" content="text/html;charset=utf-8" />
  <meta name='ocr-system' content='tesseract 3.04.00' />
  <meta name='ocr-capabilities' content='ocr_page ocr_carea ocr_par ocr_line ocrx_word'/>
</head>
<body>
  <div class='ocr_page' id='page_1' title='image "./theoriamotvscor01eulegoog_0336.png"; bbox 0 0 3870 4990; ppageno 0'>
   <div class='ocr_carea' id='block_1_1' title="bbox 123 227 1583 696">
    <p class='ocr_par' dir='ltr' id='par_1_1' title="bbox 123 227 1583 696">
     <span class='ocr_line' id='line_1_1' title="bbox 205 227 1583 432; baseline 0.003 -45"><span class='ocrx_word' id='word_1_1' title='bbox 205 275 549 432; x_wconf 74' lang='lat' dir='ltr'>courouu&#39;u</span> <span class='ocrx_word' id='word_1_2' title='bbox 563 265 744 382; x_wconf 79' lang='lat' dir='ltr'>muro.</span> <span class='ocrx_word' id='word_1_3' title='bbox 759 227 1011 389; x_wconf 74' lang='lat' dir='ltr'>nunnus</span> <span class='ocrx_word' id='word_1_4' title='bbox 1027 255 1253 391; x_wconf 79' lang='lat' dir='ltr'>axinus</span> <span class='ocrx_word' id='word_1_5' title='bbox 1270 242 1352 394; x_wconf 72' lang='lat' dir='ltr'>uc.</span> <span class='ocrx_word' id='word_1_6' title='bbox 1386 251 1498 418; x_wconf 67' lang='lat'>297?</span> <span class='ocrx_word' id='word_1_7' title='bbox 1577 393 1583 412; x_wconf 74' lang='grc'><strong>,</strong></span> 
     </span>
     <span class='ocr_line' id='line_1_2' title="bbox 123 437 1569 696; baseline -0.008 -126"><span class='ocrx_word' id='word_1_8' title='bbox 123 445 295 596; x_wconf 50' lang='lat' dir='ltr'>aarum</span> <span class='ocrx_word' id='word_1_9' title='bbox 317 489 448 568; x_wconf 65' lang='lat' dir='ltr'>reorum</span> <span class='ocrx_word' id='word_1_10' title='bbox 467 491 754 582; x_wconf 64' lang='lat' dir='ltr'>concrematam,</span> <span class='ocrx_word' id='word_1_11' title='bbox 793 521 860 594; x_wconf 74' lang='lat' dir='ltr'>quo</span> <span class='ocrx_word' id='word_1_12' title='bbox 882 492 1089 573; x_wconf 61' lang='lat' dir='ltr'>amanam</span> <span class='ocrx_word' id='word_1_13' title='bbox 1109 501 1142 568; x_wconf 81' lang='lat' dir='ltr'>n</span> <span class='ocrx_word' id='word_1_14' title='bbox 1159 437 1318 590; x_wconf 55' lang='lat' dir='ltr'>arianam</span> <span class='ocrx_word' id='word_1_15' title='bbox 1338 521 1512 696; x_wconf 47' lang='lat' dir='ltr'>l&#39;ssffiv</span> <span class='ocrx_word' id='word_1_16' title='bbox 1566 465 1569 475; x_wconf 78' lang='lat'><em>&#39;</em></span> 
     </span>
    </p>
   </div>
   <div class='ocr_carea' id='block_1_2' title="bbox 113 585 1472 1002">
    <p class='ocr_par' dir='ltr' id='par_1_2' title="bbox 120 585 1374 695">
     <span class='ocr_line' id='line_1_3' title="bbox 120 585 1374 695; baseline -0.002 -25"><span class='ocrx_word' id='word_1_17' title='bbox 120 599 242 678; x_wconf 80' lang='lat' dir='ltr'>dictur,</span> <span class='ocrx_word' id='word_1_18' title='bbox 277 616 372 695; x_wconf 85' lang='lat' dir='ltr'>atque</span> <span class='ocrx_word' id='word_1_19' title='bbox 386 585 495 668; x_wconf 68' lang='lat' dir='ltr'>mente</span> <span class='ocrx_word' id='word_1_20' title='bbox 509 591 617 670; x_wconf 88' lang='lat' dir='ltr'>saltem</span> <span class='ocrx_word' id='word_1_21' title='bbox 632 601 718 668; x_wconf 91' lang='lat' dir='ltr'>hunc</span> <span class='ocrx_word' id='word_1_22' title='bbox 733 620 861 668; x_wconf 89' lang='lat' dir='ltr'>tnouun</span> <span class='ocrx_word' id='word_1_23' title='bbox 878 596 990 672; x_wconf 87' lang='lat' dir='ltr'>tollere</span> <span class='ocrx_word' id='word_1_24' title='bbox 1003 597 1125 683; x_wconf 85' lang='lat' dir='ltr'>licebit,</span> <span class='ocrx_word' id='word_1_25' title='bbox 1145 595 1224 670; x_wconf 76' lang='lat' dir='ltr'>datm</span> <span class='ocrx_word' id='word_1_26' title='bbox 1237 593 1374 670; x_wconf 87' lang='lat' dir='ltr'>sciliceti</span> 
     </span>
    </p>

    <p class='ocr_par' dir='ltr' id='par_1_3' title="bbox 113 693 1472 1002">
     <span class='ocr_line' id='line_1_4' title="bbox 119 693 1471 806; baseline -0.002 -34"><span class='ocrx_word' id='word_1_27' title='bbox 119 695 260 798; x_wconf 84' lang='lat' dir='ltr'>spatium</span> <span class='ocrx_word' id='word_1_28' title='bbox 283 719 376 770; x_wconf 89' lang='lat' dir='ltr'>motu</span> <span class='ocrx_word' id='word_1_29' title='bbox 398 702 558 806; x_wconf 81' lang='lat' dir='ltr'>cqutturiu</span> <span class='ocrx_word' id='word_1_30' title='bbox 579 693 713 795; x_wconf 88' lang='lat' dir='ltr'>proferri</span> <span class='ocrx_word' id='word_1_31' title='bbox 734 704 944 798; x_wconf 76' lang='lat' dir='ltr'><strong>concipiatur.</strong></span> <span class='ocrx_word' id='word_1_32' title='bbox 1020 699 1152 776; x_wconf 78' lang='lat' dir='ltr'>Sublato</span> <span class='ocrx_word' id='word_1_33' title='bbox 1176 723 1256 799; x_wconf 89' lang='lat' dir='ltr'>ergo</span> <span class='ocrx_word' id='word_1_34' title='bbox 1282 719 1375 770; x_wconf 89' lang='lat' dir='ltr'>motu</span> <span class='ocrx_word' id='word_1_35' title='bbox 1396 724 1471 797; x_wconf 88' lang='lat' dir='ltr'>pro·</span> 
     </span>
     <span class='ocr_line' id='line_1_5' title="bbox 113 791 1471 901; baseline 0 -27"><span class='ocrx_word' id='word_1_36' title='bbox 113 798 276 901; x_wconf 79' lang='lat' dir='ltr'>grellin,</span> <span class='ocrx_word' id='word_1_37' title='bbox 307 803 396 890; x_wconf 80' lang='lat' dir='ltr'>cujus</span> <span class='ocrx_word' id='word_1_38' title='bbox 418 803 498 869; x_wconf 88' lang='lat' dir='ltr'>ratio</span> <span class='ocrx_word' id='word_1_39' title='bbox 522 797 652 896; x_wconf 79' lang='lat' dir='ltr'>perinde</span> <span class='ocrx_word' id='word_1_40' title='bbox 672 799 717 874; x_wconf 87' lang='lat' dir='ltr'>eil</span> <span class='ocrx_word' id='word_1_41' title='bbox 742 825 944 899; x_wconf 85' lang='lat' dir='ltr'>comparata,</span> <span class='ocrx_word' id='word_1_42' title='bbox 986 827 1024 874; x_wconf 85' lang='lat' dir='ltr'>ac</span> <span class='ocrx_word' id='word_1_43' title='bbox 1043 797 1065 872; x_wconf 83' lang='lat' dir='ltr'>fi</span> <span class='ocrx_word' id='word_1_44' title='bbox 1085 819 1242 900; x_wconf 86' lang='lat' dir='ltr'>praeterea</span> <span class='ocrx_word' id='word_1_45' title='bbox 1265 791 1375 873; x_wconf 71' lang='lat' dir='ltr'>nullut</span> <span class='ocrx_word' id='word_1_46' title='bbox 1392 799 1471 874; x_wconf 85' lang='lat' dir='ltr'>alius</span> 
     </span>
     <span class='ocr_line' id='line_1_6' title="bbox 117 894 1472 1002; baseline -0.001 -28"><span class='ocrx_word' id='word_1_47' title='bbox 117 923 232 978; x_wconf 80' lang='lat' dir='ltr'>motus</span> <span class='ocrx_word' id='word_1_48' title='bbox 250 909 444 999; x_wconf 74' lang='lat' dir='ltr'>incorpore</span> <span class='ocrx_word' id='word_1_49' title='bbox 463 894 596 986; x_wconf 87' lang='lat' dir='ltr'>inesset,</span> <span class='ocrx_word' id='word_1_50' title='bbox 637 917 783 976; x_wconf 82' lang='lat' dir='ltr'>centrum</span> <span class='ocrx_word' id='word_1_51' title='bbox 810 907 954 999; x_wconf 77' lang='lat' dir='ltr'>corporis</span> <span class='ocrx_word' id='word_1_52' title='bbox 981 908 1112 978; x_wconf 86' lang='lat' dir='ltr'>inertiae</span> <span class='ocrx_word' id='word_1_53' title='bbox 1137 921 1289 1002; x_wconf 80' lang='lat' dir='ltr'>tauquam</span> <span class='ocrx_word' id='word_1_54' title='bbox 1309 897 1472 1002; x_wconf 69' lang='lat' dir='ltr'>quiescent</span> 
     </span>
    </p>
   </div>
   <div class='ocr_carea' id='block_1_3' title="bbox 114 1003 1618 1108">
    <p class='ocr_par' dir='ltr' id='par_1_4' title="bbox 114 1003 1618 1108">
     <span class='ocr_line' id='line_1_7' title="bbox 114 1003 1618 1108; baseline -0.001 -30"><span class='ocrx_word' id='word_1_55' title='bbox 114 1003 462 1102; x_wconf 80' lang='lat' dir='ltr'>confidereripoterit:</span> <span class='ocrx_word' id='word_1_56' title='bbox 508 1005 588 1076; x_wconf 90' lang='lat' dir='ltr'>circa</span> <span class='ocrx_word' id='word_1_57' title='bbox 616 1004 706 1104; x_wconf 88' lang='lat' dir='ltr'>quod</span> <span class='ocrx_word' id='word_1_58' title='bbox 732 1003 1032 1108; x_wconf 82' lang='lat' dir='ltr'>quomodocunque</span> <span class='ocrx_word' id='word_1_59' title='bbox 1054 1029 1172 1102; x_wconf 80' lang='lat' dir='ltr'>corpus</span> <span class='ocrx_word' id='word_1_60' title='bbox 1193 1010 1345 1104; x_wconf 74' lang='lat' dir='ltr'>agitetur,</span> <span class='ocrx_word' id='word_1_61' title='bbox 1388 1003 1473 1081; x_wconf 85' lang='lat' dir='ltr'>linea</span> <span class='ocrx_word' id='word_1_62' title='bbox 1584 1075 1618 1096; x_wconf 90' lang='lat'>-.</span> 
     </span>
    </p>
   </div>
   <div class='ocr_carea' id='block_1_4' title="bbox 66 1099 1548 1512">
    <p class='ocr_par' dir='ltr' id='par_1_5' title="bbox 66 1099 1548 1512">
     <span class='ocr_line' id='line_1_8' title="bbox 114 1099 1470 1208; baseline 0 -32"><span class='ocrx_word' id='word_1_63' title='bbox 114 1112 288 1208; x_wconf 79' lang='lat' dir='ltr'>quaepiam</span> <span class='ocrx_word' id='word_1_64' title='bbox 313 1105 396 1181; x_wconf 76' lang='lat' dir='ltr'>retia</span> <span class='ocrx_word' id='word_1_65' title='bbox 416 1099 523 1204; x_wconf 89' lang='lat' dir='ltr'>perid</span> <span class='ocrx_word' id='word_1_66' title='bbox 544 1101 768 1204; x_wconf 73' lang='lat' dir='ltr'>dnslapritno</span> <span class='ocrx_word' id='word_1_67' title='bbox 787 1101 897 1177; x_wconf 85' lang='lat' dir='ltr'>saltem</span> <span class='ocrx_word' id='word_1_68' title='bbox 920 1109 1013 1178; x_wconf 89' lang='lat' dir='ltr'>initio</span> <span class='ocrx_word' id='word_1_69' title='bbox 1033 1103 1188 1205; x_wconf 82' lang='lat' dir='ltr'>quiescet,</span> <span class='ocrx_word' id='word_1_70' title='bbox 1224 1131 1306 1205; x_wconf 88' lang='lat' dir='ltr'>quae</span> <span class='ocrx_word' id='word_1_71' title='bbox 1326 1109 1391 1194; x_wconf 82' lang='lat' dir='ltr'>ejus</span> <span class='ocrx_word' id='word_1_72' title='bbox 1411 1109 1470 1177; x_wconf 90' lang='lat' dir='ltr'>erit</span> 
     </span>
     <span class='ocr_line' id='line_1_9' title="bbox 66 1203 1468 1308; baseline -0.001 -28"><span class='ocrx_word' id='word_1_73' title='bbox 66 1225 81 1253; x_wconf 68' lang='lat' dir='ltr'><strong><em>s</em></strong></span> <span class='ocrx_word' id='word_1_74' title='bbox 114 1215 181 1281; x_wconf 84' lang='lat' dir='ltr'>axis</span> <span class='ocrx_word' id='word_1_75' title='bbox 204 1211 393 1308; x_wconf 84' lang='lat' dir='ltr'>gyrationis.</span> <span class='ocrx_word' id='word_1_76' title='bbox 449 1205 545 1276; x_wconf 90' lang='lat' dir='ltr'>Tum</span> <span class='ocrx_word' id='word_1_77' title='bbox 567 1203 589 1276; x_wconf 85' lang='lat' dir='ltr'>fi</span> <span class='ocrx_word' id='word_1_78' title='bbox 611 1204 667 1280; x_wconf 89' lang='lat' dir='ltr'>isle</span> <span class='ocrx_word' id='word_1_79' title='bbox 688 1211 753 1278; x_wconf 88' lang='lat' dir='ltr'>axis</span> <span class='ocrx_word' id='word_1_80' title='bbox 775 1213 945 1280; x_wconf 83' lang='lat' dir='ltr'>conueniat</span> <span class='ocrx_word' id='word_1_81' title='bbox 964 1233 1041 1280; x_wconf 89' lang='lat' dir='ltr'>cum</span> <span class='ocrx_word' id='word_1_82' title='bbox 1061 1205 1170 1306; x_wconf 85' lang='lat' dir='ltr'>aliquo</span> <span class='ocrx_word' id='word_1_83' title='bbox 1190 1212 1304 1288; x_wconf 85' lang='lat' dir='ltr'>axium</span> <span class='ocrx_word' id='word_1_84' title='bbox 1313 1211 1468 1305; x_wconf 89' lang='lat' dir='ltr'>principa·</span> 
     </span>
     <span class='ocr_line' id='line_1_10' title="bbox 115 1303 1470 1408; baseline -0.003 -28"><span class='ocrx_word' id='word_1_85' title='bbox 115 1309 218 1389; x_wconf 77' lang='lat' dir='ltr'>liunt,</span> <span class='ocrx_word' id='word_1_86' title='bbox 250 1313 314 1380; x_wconf 89' lang='lat' dir='ltr'>hoc</span> <span class='ocrx_word' id='word_1_87' title='bbox 337 1304 401 1386; x_wconf 78' lang='lat' dir='ltr'>eti,</span> <span class='ocrx_word' id='word_1_88' title='bbox 435 1303 459 1378; x_wconf 84' lang='lat' dir='ltr'>st</span> <span class='ocrx_word' id='word_1_89' title='bbox 479 1305 528 1379; x_wconf 86' lang='lat' dir='ltr'>vel</span> <span class='ocrx_word' id='word_1_90' title='bbox 550 1307 667 1379; x_wconf 85' lang='lat' dir='ltr'>incidat</span> <span class='ocrx_word' id='word_1_91' title='bbox 687 1313 724 1379; x_wconf 91' lang='lat' dir='ltr'>in</span> <span class='ocrx_word' id='word_1_92' title='bbox 739 1333 830 1380; x_wconf 84' lang='lat' dir='ltr'>axem</span> <span class='ocrx_word' id='word_1_93' title='bbox 845 1309 1052 1408; x_wconf 72' lang='lat' dir='ltr'>principtss&#39;etn</span> <span class='ocrx_word' id='word_1_94' title='bbox 1069 1305 1260 1406; x_wconf 78' lang='lat' dir='ltr'>singularem</span> <span class='ocrx_word' id='word_1_95' title='bbox 1276 1309 1325 1379; x_wconf 85' lang='lat' dir='ltr'>uel</span> <span class='ocrx_word' id='word_1_96' title='bbox 1341 1305 1380 1378; x_wconf 88' lang='lat' dir='ltr'>ad</span> <span class='ocrx_word' id='word_1_97' title='bbox 1392 1333 1470 1406; x_wconf 77' lang='lat' dir='ltr'>qum</span> 
     </span>
     <span class='ocr_line' id='line_1_11' title="bbox 116 1401 1548 1512; baseline -0.006 -28"><span class='ocrx_word' id='word_1_98' title='bbox 116 1409 156 1484; x_wconf 82' lang='lat' dir='ltr'>ut</span> <span class='ocrx_word' id='word_1_99' title='bbox 173 1409 350 1502; x_wconf 85' lang='lat' dir='ltr'>normalis,</span> <span class='ocrx_word' id='word_1_100' title='bbox 379 1412 476 1480; x_wconf 87' lang='lat' dir='ltr'>etiam</span> <span class='ocrx_word' id='word_1_101' title='bbox 496 1411 548 1480; x_wconf 86' lang='lat' dir='ltr'>hic</span> <span class='ocrx_word' id='word_1_102' title='bbox 567 1401 677 1486; x_wconf 80' lang='lat' dir='ltr'>nimus</span> <span class='ocrx_word' id='word_1_103' title='bbox 697 1409 841 1485; x_wconf 86' lang='lat' dir='ltr'>manebit</span> <span class='ocrx_word' id='word_1_104' title='bbox 860 1409 1053 1512; x_wconf 81' lang='lat' dir='ltr'>aequabilis,</span> <span class='ocrx_word' id='word_1_105' title='bbox 1080 1415 1212 1509; x_wconf 81' lang='lat' dir='ltr'>axisque</span> <span class='ocrx_word' id='word_1_106' title='bbox 1231 1404 1386 1506; x_wconf 83' lang='lat' dir='ltr'>quiescet,</span> <span class='ocrx_word' id='word_1_107' title='bbox 1416 1405 1469 1479; x_wconf 88' lang='lat' dir='ltr'>uel</span> <span class='ocrx_word' id='word_1_108' title='bbox 1545 1469 1548 1475; x_wconf 91' lang='lat'>.</span> 
     </span>
    </p>
   </div>
   <div class='ocr_carea' id='block_1_5' title="bbox 114 1505 1732 1611">
    <p class='ocr_par' dir='ltr' id='par_1_6' title="bbox 114 1505 1732 1611">
     <span class='ocr_line' id='line_1_12' title="bbox 114 1505 1732 1611; baseline -0.005 -25"><span class='ocrx_word' id='word_1_109' title='bbox 114 1512 269 1602; x_wconf 75' lang='lat' dir='ltr'>adjunclo</span> <span class='ocrx_word' id='word_1_110' title='bbox 290 1529 382 1604; x_wconf 85' lang='lat' dir='ltr'>motu</span> <span class='ocrx_word' id='word_1_111' title='bbox 403 1505 679 1610; x_wconf 81' lang='lat' dir='ltr'>progrelstvollbi</span> <span class='ocrx_word' id='word_1_112' title='bbox 697 1511 813 1609; x_wconf 76' lang='lat' dir='ltr'>jugiter</span> <span class='ocrx_word' id='word_1_113' title='bbox 833 1511 975 1584; x_wconf 87' lang='lat' dir='ltr'>manebit</span> <span class='ocrx_word' id='word_1_114' title='bbox 994 1509 1197 1611; x_wconf 81' lang='lat' dir='ltr'>parallelus.&#39;</span> <span class='ocrx_word' id='word_1_115' title='bbox 1229 1516 1274 1585; x_wconf 84' lang='lat' dir='ltr'>m</span> <span class='ocrx_word' id='word_1_116' title='bbox 1288 1507 1311 1580; x_wconf 85' lang='lat' dir='ltr'>fi</span> <span class='ocrx_word' id='word_1_117' title='bbox 1325 1515 1390 1580; x_wconf 89' lang='lat' dir='ltr'>axis</span> <span class='ocrx_word' id='word_1_118' title='bbox 1405 1508 1469 1594; x_wconf 87' lang='lat' dir='ltr'>ille,</span> <span class='ocrx_word' id='word_1_119' title='bbox 1588 1506 1600 1574; x_wconf 73' lang='grc'>’.</span> <span class='ocrx_word' id='word_1_120' title='bbox 1727 1519 1732 1528; x_wconf 83' lang='lat'>&#39;</span> 
     </span>
    </p>
   </div>
   <div class='ocr_carea' id='block_1_6' title="bbox 113 1608 1473 1914">
    <p class='ocr_par' dir='ltr' id='par_1_7' title="bbox 113 1608 1473 1914">
     <span class='ocr_line' id='line_1_13' title="bbox 113 1608 1468 1716; baseline -0.003 -30"><span class='ocrx_word' id='word_1_121' title='bbox 113 1619 197 1689; x_wconf 85' lang='lat' dir='ltr'>eirca</span> <span class='ocrx_word' id='word_1_122' title='bbox 218 1639 317 1712; x_wconf 82' lang='lat' dir='ltr'>quern</span> <span class='ocrx_word' id='word_1_123' title='bbox 338 1635 454 1709; x_wconf 85' lang='lat' dir='ltr'>corpus</span> <span class='ocrx_word' id='word_1_124' title='bbox 474 1618 616 1710; x_wconf 90' lang='lat' dir='ltr'>primum</span> <span class='ocrx_word' id='word_1_125' title='bbox 638 1619 744 1712; x_wconf 85' lang='lat' dir='ltr'>gyrari</span> <span class='ocrx_word' id='word_1_126' title='bbox 767 1618 893 1710; x_wconf 86' lang='lat' dir='ltr'>coepit,</span> <span class='ocrx_word' id='word_1_127' title='bbox 916 1639 1031 1716; x_wconf 73' lang='lat' dir='ltr'>vneque</span> <span class='ocrx_word' id='word_1_128' title='bbox 1045 1637 1124 1684; x_wconf 87' lang='lat' dir='ltr'>curn</span> <span class='ocrx_word' id='word_1_129' title='bbox 1142 1635 1204 1686; x_wconf 84' lang='lat' dir='ltr'>axe</span> <span class='ocrx_word' id='word_1_130' title='bbox 1222 1611 1388 1711; x_wconf 84' lang='lat' dir='ltr'>principali</span> <span class='ocrx_word' id='word_1_131' title='bbox 1407 1608 1468 1682; x_wconf 80' lang='lat' dir='ltr'>tin·</span> 
     </span>
     <span class='ocr_line' id='line_1_14' title="bbox 139 1710 1469 1812; baseline -0.002 -26"><span class='ocrx_word' id='word_1_132' title='bbox 139 1714 222 1787; x_wconf 87' lang='lat' dir='ltr'>ulari</span> <span class='ocrx_word' id='word_1_133' title='bbox 242 1733 418 1812; x_wconf 84' lang='lat' dir='ltr'>congruat,</span> <span class='ocrx_word' id='word_1_134' title='bbox 450 1737 555 1809; x_wconf 86' lang='lat' dir='ltr'>neque</span> <span class='ocrx_word' id='word_1_135' title='bbox 579 1711 715 1786; x_wconf 87' lang='lat' dir='ltr'>adeum</span> <span class='ocrx_word' id='word_1_136' title='bbox 736 1710 773 1786; x_wconf 84' lang='lat' dir='ltr'>stt</span> <span class='ocrx_word' id='word_1_137' title='bbox 792 1714 967 1799; x_wconf 88' lang='lat' dir='ltr'>normalis,</span> <span class='ocrx_word' id='word_1_138' title='bbox 1004 1718 1222 1811; x_wconf 75' lang='lat' dir='ltr'>corpureirea</span> <span class='ocrx_word' id='word_1_139' title='bbox 1243 1735 1352 1783; x_wconf 64' lang='lat' dir='ltr'>axemv</span> <span class='ocrx_word' id='word_1_140' title='bbox 1366 1717 1469 1783; x_wconf 81' lang='lat' dir='ltr'>varia·</span> 
     </span>
     <span class='ocr_line' id='line_1_15' title="bbox 114 1741 1473 1914; baseline -0.001 -26"><span class='ocrx_word' id='word_1_141' title='bbox 114 1741 219 1888; x_wconf 74' lang='lat' dir='ltr'>silem</span> <span class='ocrx_word' id='word_1_142' title='bbox 245 1814 432 1914; x_wconf 84' lang='lat' dir='ltr'>gyrobitur,</span> <span class='ocrx_word' id='word_1_143' title='bbox 478 1818 535 1914; x_wconf 90' lang='lat' dir='ltr'>qui</span> <span class='ocrx_word' id='word_1_144' title='bbox 562 1813 734 1912; x_wconf 82' lang='lat' dir='ltr'>quomodo</span> <span class='ocrx_word' id='word_1_145' title='bbox 760 1819 918 1888; x_wconf 90' lang='lat' dir='ltr'>continuo</span> <span class='ocrx_word' id='word_1_146' title='bbox 943 1822 1104 1896; x_wconf 87' lang='lat' dir='ltr'>varietur,</span> <span class='ocrx_word' id='word_1_147' title='bbox 1151 1817 1184 1886; x_wconf 93' lang='lat' dir='ltr'>in</span> <span class='ocrx_word' id='word_1_148' title='bbox 1210 1811 1473 1913; x_wconf 81' lang='lat' dir='ltr'>praecedentibut</span> 
     </span>
    </p>
   </div>
   <div class='ocr_carea' id='block_1_7' title="bbox 114 1907 1709 2015">
    <p class='ocr_par' dir='ltr' id='par_1_8' title="bbox 114 1907 1709 2015">
     <span class='ocr_line' id='line_1_16' title="bbox 114 1907 1709 2015; baseline -0.002 -28"><span class='ocrx_word' id='word_1_149' title='bbox 114 1911 247 1988; x_wconf 86' lang='lat' dir='ltr'>abunde</span> <span class='ocrx_word' id='word_1_150' title='bbox 267 1911 475 1986; x_wconf 78' lang='lat' dir='ltr'>ostendimus.</span> <span class='ocrx_word' id='word_1_151' title='bbox 544 1913 673 1988; x_wconf 72' lang='lat' dir='ltr'>Clarius</span> <span class='ocrx_word' id='word_1_152' title='bbox 690 1920 786 1988; x_wconf 89' lang='lat' dir='ltr'>etiam</span> <span class='ocrx_word' id='word_1_153' title='bbox 808 1917 860 1986; x_wconf 81' lang='lat' dir='ltr'>hic</span> <span class='ocrx_word' id='word_1_154' title='bbox 882 1935 990 1991; x_wconf 83' lang='lat' dir='ltr'>motus</span> <span class='ocrx_word' id='word_1_155' title='bbox 1009 1907 1215 2015; x_wconf 83' lang='lat' dir='ltr'>perspicietur</span> <span class='ocrx_word' id='word_1_156' title='bbox 1233 1939 1291 2014; x_wconf 85' lang='lat' dir='ltr'>per</span> <span class='ocrx_word' id='word_1_157' title='bbox 1309 1911 1470 1986; x_wconf 77' lang='lat' dir='ltr'>retluslio·</span> <span class='ocrx_word' id='word_1_158' title='bbox 1582 1943 1587 1950; x_wconf 94' lang='lat'><em>·</em></span> <span class='ocrx_word' id='word_1_159' title='bbox 1698 1953 1709 1984; x_wconf 60' lang='lat' dir='ltr'>a</span> 
     </span>
    </p>
   </div>
   <div class='ocr_carea' id='block_1_8' title="bbox 17 2009 1531 2318">
    <p class='ocr_par' dir='ltr' id='par_1_9' title="bbox 17 2009 1531 2318">
     <span class='ocr_line' id='line_1_17' title="bbox 17 2009 1491 2122; baseline -0.003 -34"><span class='ocrx_word' id='word_1_160' title='bbox 17 2101 20 2122; x_wconf 79' lang='lat'>.</span> <span class='ocrx_word' id='word_1_161' title='bbox 113 2043 198 2088; x_wconf 89' lang='lat' dir='ltr'>nem</span> <span class='ocrx_word' id='word_1_162' title='bbox 220 2015 308 2086; x_wconf 89' lang='lat' dir='ltr'>illam</span> <span class='ocrx_word' id='word_1_163' title='bbox 327 2011 367 2084; x_wconf 86' lang='lat' dir='ltr'>ad</span> <span class='ocrx_word' id='word_1_164' title='bbox 386 2039 478 2088; x_wconf 87' lang='lat' dir='ltr'>axem</span> <span class='ocrx_word' id='word_1_165' title='bbox 503 2013 688 2098; x_wconf 87' lang='lat' dir='ltr'>mobilem,</span> <span class='ocrx_word' id='word_1_166' title='bbox 734 2043 796 2118; x_wconf 88' lang='lat' dir='ltr'>qua</span> <span class='ocrx_word' id='word_1_167' title='bbox 825 2041 943 2114; x_wconf 87' lang='lat' dir='ltr'>corpus</span> <span class='ocrx_word' id='word_1_168' title='bbox 962 2021 1041 2090; x_wconf 87' lang='lat' dir='ltr'>circa</span> <span class='ocrx_word' id='word_1_169' title='bbox 1063 2009 1168 2114; x_wconf 90' lang='lat' dir='ltr'>ipsum</span> <span class='ocrx_word' id='word_1_170' title='bbox 1191 2041 1285 2088; x_wconf 84' lang='lat' dir='ltr'>axem</span> <span class='ocrx_word' id='word_1_171' title='bbox 1314 2019 1491 2114; x_wconf 67' lang='lat' dir='ltr'>principa-¹</span> 
     </span>
     <span class='ocr_line' id='line_1_18' title="bbox 112 2113 1470 2218; baseline 0.005 -31"><span class='ocrx_word' id='word_1_172' title='bbox 112 2115 185 2190; x_wconf 90' lang='lat' dir='ltr'>lem</span> <span class='ocrx_word' id='word_1_173' title='bbox 208 2113 399 2213; x_wconf 77' lang='lat' dir='ltr'>singularem</span> <span class='ocrx_word' id='word_1_174' title='bbox 420 2115 623 2214; x_wconf 76' lang='lat' dir='ltr'>aequabiliter</span> <span class='ocrx_word' id='word_1_175' title='bbox 640 2137 795 2218; x_wconf 83' lang='lat' dir='ltr'>gyratur,</span> <span class='ocrx_word' id='word_1_176' title='bbox 837 2115 918 2200; x_wconf 86' lang='lat' dir='ltr'>dum</span> <span class='ocrx_word' id='word_1_177' title='bbox 945 2114 1010 2216; x_wconf 91' lang='lat' dir='ltr'>ipse</span> <span class='ocrx_word' id='word_1_178' title='bbox 1038 2119 1090 2212; x_wconf 84' lang='lat' dir='ltr'>hic</span> <span class='ocrx_word' id='word_1_179' title='bbox 1116 2122 1183 2189; x_wconf 85' lang='lat' dir='ltr'>axia</span> <span class='ocrx_word' id='word_1_180' title='bbox 1208 2114 1470 2218; x_wconf 78' lang='lat' dir='ltr'>circaquoadam</span> 
     </span>
     <span class='ocr_line' id='line_1_19' title="bbox 112 2211 1531 2318; baseline 0.002 -30"><span class='ocrx_word' id='word_1_181' title='bbox 112 2215 216 2318; x_wconf 87' lang='lat' dir='ltr'>pulos</span> <span class='ocrx_word' id='word_1_182' title='bbox 236 2237 322 2291; x_wconf 88' lang='lat' dir='ltr'>extra</span> <span class='ocrx_word' id='word_1_183' title='bbox 342 2241 458 2316; x_wconf 88' lang='lat' dir='ltr'>corpus</span> <span class='ocrx_word' id='word_1_184' title='bbox 477 2213 563 2290; x_wconf 84' lang='lat' dir='ltr'>fixoa</span> <span class='ocrx_word' id='word_1_185' title='bbox 581 2213 804 2292; x_wconf 83' lang='lat' dir='ltr'>circumfertur</span> <span class='ocrx_word' id='word_1_186' title='bbox 823 2221 938 2318; x_wconf 88' lang='lat' dir='ltr'>pariter</span> <span class='ocrx_word' id='word_1_187' title='bbox 953 2237 1047 2290; x_wconf 89' lang='lat' dir='ltr'>motu</span> <span class='ocrx_word' id='word_1_188' title='bbox 1068 2211 1238 2300; x_wconf 87' lang='lat' dir='ltr'>uniformi.</span> <span class='ocrx_word' id='word_1_189' title='bbox 1525 2222 1531 2237; x_wconf 84' lang='lat'><strong><em>¹</em></strong></span> 
     </span>
    </p>
   </div>
   <div class='ocr_carea' id='block_1_9' title="bbox 569 2475 1127 2564">
    <p class='ocr_par' dir='ltr' id='par_1_10' title="bbox 569 2475 1127 2564">
     <span class='ocr_line' id='line_1_20' title="bbox 569 2475 1127 2564; baseline -0.007 -4"><span class='ocrx_word' id='word_1_190' title='bbox 569 2475 998 2564; x_wconf 74' lang='lat' dir='ltr'>¹SCle&#39;LION.</span> <span class='ocrx_word' id='word_1_191' title='bbox 1123 2549 1127 2556; x_wconf 91' lang='lat'>.</span> 
     </span>
    </p>
   </div>
   <div class='ocr_carea' id='block_1_10' title="bbox 117 2634 1552 3350">
    <p class='ocr_par' dir='ltr' id='par_1_11' title="bbox 117 2634 1552 3350">
     <span class='ocr_line' id='line_1_21' title="bbox 138 2634 1514 2738; baseline 0.002 -27"><span class='ocrx_word' id='word_1_192' title='bbox 138 2664 140 2672; x_wconf 79' lang='grc'><strong>’</strong></span> <span class='ocrx_word' id='word_1_193' title='bbox 221 2641 310 2735; x_wconf 76' lang='lat'>736.</span> <span class='ocrx_word' id='word_1_194' title='bbox 339 2634 418 2709; x_wconf 84' lang='lat' dir='ltr'>Hoc</span> <span class='ocrx_word' id='word_1_195' title='bbox 442 2635 641 2737; x_wconf 83' lang='lat' dir='ltr'>problemate</span> <span class='ocrx_word' id='word_1_196' title='bbox 668 2635 852 2714; x_wconf 87' lang='lat' dir='ltr'>uniuersum</span> <span class='ocrx_word' id='word_1_197' title='bbox 881 2655 1131 2738; x_wconf 85' lang='lat' dir='ltr'>argumentum,</span> <span class='ocrx_word' id='word_1_198' title='bbox 1174 2635 1262 2736; x_wconf 87' lang='lat' dir='ltr'>quod</span> <span class='ocrx_word' id='word_1_199' title='bbox 1284 2637 1348 2711; x_wconf 85' lang='lat' dir='ltr'>lroc</span> <span class='ocrx_word' id='word_1_200' title='bbox 1367 2639 1470 2738; x_wconf 77' lang='lat' dir='ltr'>capite</span> <span class='ocrx_word' id='word_1_201' title='bbox 1510 2709 1514 2714; x_wconf 90' lang='lat'>.</span> 
     </span>
     <span class='ocr_line' id='line_1_22' title="bbox 118 2733 1471 2838; baseline -0.002 -23"><span class='ocrx_word' id='word_1_202' title='bbox 118 2737 320 2815; x_wconf 80' lang='lat' dir='ltr'>trallandum</span> <span class='ocrx_word' id='word_1_203' title='bbox 344 2733 562 2838; x_wconf 90' lang='lat' dir='ltr'>suscepimus,</span> <span class='ocrx_word' id='word_1_204' title='bbox 606 2745 814 2835; x_wconf 84' lang='lat' dir='ltr'>exhauritur,</span> <span class='ocrx_word' id='word_1_205' title='bbox 853 2745 894 2812; x_wconf 90' lang='lat' dir='ltr'>ita</span> <span class='ocrx_word' id='word_1_206' title='bbox 924 2760 958 2811; x_wconf 92' lang='lat' dir='ltr'>ut</span> <span class='ocrx_word' id='word_1_207' title='bbox 982 2763 1159 2838; x_wconf 88' lang='lat' dir='ltr'>corporum</span> <span class='ocrx_word' id='word_1_208' title='bbox 1184 2737 1362 2837; x_wconf 87' lang='lat' dir='ltr'>tigidorum</span> <span class='ocrx_word' id='word_1_209' title='bbox 1389 2739 1471 2814; x_wconf 90' lang='lat' dir='ltr'>duo·</span> 
     </span>
     <span class='ocr_line' id='line_1_23' title="bbox 117 2833 1494 2944; baseline -0.004 -28"><span class='ocrx_word' id='word_1_210' title='bbox 117 2843 310 2917; x_wconf 76' lang='lat' dir='ltr'>bus-axibus</span> <span class='ocrx_word' id='word_1_211' title='bbox 328 2839 553 2940; x_wconf 81' lang='lat' dir='ltr'>principalibus</span> <span class='ocrx_word' id='word_1_212' title='bbox 581 2843 706 2939; x_wconf 82' lang='lat' dir='ltr'>paribus</span> <span class='ocrx_word' id='word_1_213' title='bbox 733 2835 973 2944; x_wconf 84' lang='lat' dir='ltr'>praeditorum,</span> <span class='ocrx_word' id='word_1_214' title='bbox 1006 2861 1037 2914; x_wconf 87' lang='lat' dir='ltr'>et</span> <span class='ocrx_word' id='word_1_215' title='bbox 1058 2865 1075 2911; x_wconf 90' lang='lat' dir='ltr'>a</span> <span class='ocrx_word' id='word_1_216' title='bbox 1095 2835 1190 2912; x_wconf 89' lang='lat' dir='ltr'>nullis</span> <span class='ocrx_word' id='word_1_217' title='bbox 1209 2839 1327 2911; x_wconf 86' lang='lat' dir='ltr'>viribus</span> <span class='ocrx_word' id='word_1_218' title='bbox 1352 2833 1494 2912; x_wconf 85' lang='lat' dir='ltr'>sollici-&#39;-</span> 
     </span>
     <span class='ocr_line' id='line_1_24' title="bbox 117 2937 1552 3044; baseline -0.003 -27"><span class='ocrx_word' id='word_1_219' title='bbox 117 2965 279 3029; x_wconf 82' lang='lat' dir='ltr'>tutorum,</span> <span class='ocrx_word' id='word_1_220' title='bbox 315 2963 424 3012; x_wconf 81' lang='lat' dir='ltr'>motus</span> <span class='ocrx_word' id='word_1_221' title='bbox 444 2939 562 3014; x_wconf 77' lang='lat' dir='ltr'>liberos</span> <span class='ocrx_word' id='word_1_222' title='bbox 582 2948 616 3014; x_wconf 92' lang='lat' dir='ltr'>in</span> <span class='ocrx_word' id='word_1_223' title='bbox 633 2969 751 3044; x_wconf 87' lang='lat' dir='ltr'>genere</span> <span class='ocrx_word' id='word_1_224' title='bbox 770 2942 980 3018; x_wconf 82' lang='lat' dir='ltr'>determinare</span> <span class='ocrx_word' id='word_1_225' title='bbox 1000 2961 1096 3042; x_wconf 89' lang='lat' dir='ltr'>atque</span> <span class='ocrx_word' id='word_1_226' title='bbox 1112 2939 1151 3012; x_wconf 87' lang='lat' dir='ltr'>ad</span> <span class='ocrx_word' id='word_1_227' title='bbox 1167 2945 1295 3040; x_wconf 90' lang='lat' dir='ltr'>quosvis</span> <span class='ocrx_word' id='word_1_228' title='bbox 1314 2937 1402 3012; x_wconf 89' lang='lat' dir='ltr'>casus</span> <span class='ocrx_word' id='word_1_229' title='bbox 1417 2967 1470 3012; x_wconf 83' lang='lat' dir='ltr'>aa·</span> <span class='ocrx_word' id='word_1_230' title='bbox 1544 2987 1552 2994; x_wconf 97' lang='lat'>-</span> 
     </span>
     <span class='ocr_line' id='line_1_25' title="bbox 117 3037 1524 3148; baseline -0.006 -28"><span class='ocrx_word' id='word_1_231' title='bbox 117 3042 332 3120; x_wconf 86' lang='lat' dir='ltr'>commodare</span> <span class='ocrx_word' id='word_1_232' title='bbox 359 3041 532 3131; x_wconf 68' lang='lat' dir='ltr'>valeamus,</span> <span class='ocrx_word' id='word_1_233' title='bbox 615 3041 790 3144; x_wconf 80' lang='lat' dir='ltr'>Supersunt</span> <span class='ocrx_word' id='word_1_234' title='bbox 814 3067 893 3148; x_wconf 91' lang='lat' dir='ltr'>ergo</span> <span class='ocrx_word' id='word_1_235' title='bbox 917 3067 1054 3144; x_wconf 90' lang='lat' dir='ltr'>corpora</span> <span class='ocrx_word' id='word_1_236' title='bbox 1083 3049 1192 3116; x_wconf 84' lang='lat' dir='ltr'>tertiae</span> <span class='ocrx_word' id='word_1_237' title='bbox 1215 3037 1341 3136; x_wconf 80' lang='lat' dir='ltr'>classis,</span> <span class='ocrx_word' id='word_1_238' title='bbox 1385 3065 1470 3140; x_wconf 87' lang='lat' dir='ltr'>quo·</span> <span class='ocrx_word' id='word_1_239' title='bbox 1521 3127 1524 3133; x_wconf 25' lang='grc' dir='ltr'>Ι</span> 
     </span>
     <span class='ocr_line' id='line_1_26' title="bbox 121 3137 1470 3320; baseline -0.003 -100"><span class='ocrx_word' id='word_1_240' title='bbox 121 3175 189 3222; x_wconf 89' lang='lat' dir='ltr'>rum</span> <span class='ocrx_word' id='word_1_241' title='bbox 220 3163 393 3320; x_wconf 69' lang='lat' dir='ltr'>nqpmenta</span> <span class='ocrx_word' id='word_1_242' title='bbox 421 3149 550 3220; x_wconf 88' lang='lat' dir='ltr'>inertiae</span> <span class='ocrx_word' id='word_1_243' title='bbox 573 3137 759 3250; x_wconf 84' lang='lat' dir='ltr'>principalia</span> <span class='ocrx_word' id='word_1_244' title='bbox 783 3141 857 3222; x_wconf 89' lang='lat' dir='ltr'>sunt</span> <span class='ocrx_word' id='word_1_245' title='bbox 883 3143 1084 3245; x_wconf 81' lang='lat' dir='ltr'>inaequalia,</span> <span class='ocrx_word' id='word_1_246' title='bbox 1123 3143 1238 3248; x_wconf 82' lang='lat' dir='ltr'>qttibus</span> <span class='ocrx_word' id='word_1_247' title='bbox 1266 3139 1400 3243; x_wconf 89' lang='lat' dir='ltr'>sequens</span> <span class='ocrx_word' id='word_1_248' title='bbox 1421 3147 1470 3248; x_wconf 30' lang='lat' dir='ltr'>cat·-¹</span> 
     </span>
     <span class='ocr_line' id='line_1_27' title="bbox 124 3247 1143 3350; baseline -0.001 -28"><span class='ocrx_word' id='word_1_249' title='bbox 124 3273 177 3350; x_wconf 91' lang='lat' dir='ltr'>put</span> <span class='ocrx_word' id='word_1_250' title='bbox 208 3247 248 3324; x_wconf 88' lang='lat' dir='ltr'>de</span> <span class='ocrx_word' id='word_1_251' title='bbox 280 3247 403 3332; x_wconf 82' lang='lat' dir='ltr'>luatur,</span> <span class='ocrx_word' id='word_1_252' title='bbox 496 3318 501 3324; x_wconf 91' lang='lat'>.</span> <span class='ocrx_word' id='word_1_253' title='bbox 1139 3273 1143 3279; x_wconf 89' lang='lat'><em>·</em></span> 
     </span>
    </p>
   </div>
   <div class='ocr_carea' id='block_1_11' title="bbox 0 0 1940 4990">
    <p class='ocr_par' dir='ltr' id='par_1_12' title="bbox 0 0 1940 4990">
     <span class='ocr_line' id='line_1_28' title="bbox 0 0 1940 4990; baseline 0 0"><span class='ocrx_word' id='word_1_254' title='bbox 0 0 1940 4990; x_wconf 95' lang='lat' dir='ltr'> </span> 
     </span>
    </p>
   </div>
  </div>
 </body>
</html>
