3896 4984
291 245 298 265 ’
425 317 553 460 ‘¹30
653 245 853 428 onnus
887 303 941 406 u.
996 303 1082 399 on
1100 241 1676 432 ‚nortuznunmonto

467 599 542 668 tur,
570 553 626 652 ‘ab
650 603 687 652 ea
713 579 780 648 exis
811 579 878 650 uim
903 569 1070 648 sustineret
1093 519 1137 644 a·
1157 535 1339 652 Q,
1388 564 1431 646 M
1457 623 1468 642 .
1493 537 1546 642 01'
1572 569 1610 642 in
1630 565 1747 690 eadem
1772 567 1823 646 tu

324 701 329 716 .
405 727 413 736 ,
1120 687 1123 693 -
1158 689 1175 711 Γ
1208 661 1275 739 ag

465 752 611 828 tellioue
637 749 697 832 01.
1271 747 1275 756 ’
1310 760 1318 780 ·’

938 892 1350 996 ΟΟΚΟΕμῶ

473 1065 478 1094 t
569 1061 656 1140 335.
683 1040 759 1110 Axis
780 1057 860 1131 ergo
880 1059 897 1105 a
917 1031 1037 1103 lamina
1058 1026 1195 1132 eundem
1214 1035 1280 1102 vim
1301 1025 1455 1116 sustinet,¹
1495 1056 1532 1105 ae
1552 1027 1576 1105 ii
1594 1027 1824 1124 totelamiute
1861 1023 1874 1042 ‘

467 1135 566 1222 inaffa
580 1149 613 1213 in
627 1159 740 1214 centro
752 1140 882 1209 inertiae
897 1129 973 1206 esset
993 1132 1145 1217 collecta,
1184 1157 1283 1231 eaque
1306 1137 1373 1230 pari
1392 1131 1551 1208 ecferitate
1568 1132 1720 1230 *angulari
1741 1139 1822 1206 circe

348 1308 353 1317 ,
417 1293 420 1302 ,
466 1243 608 1322 eundem
629 1265 723 1312 axem
743 1235 983 1323 revolveretur,
1020 1259 1103 1336 quae
1124 1238 1226 1308 centri
1245 1237 1378 1340 inertiae
1405 1259 1490 1308 nova
1511 1239 1692 1337 proprietas
1709 1253 1821 1340 notatu
1936 1247 1937 1252 ’

467 1339 797 1442 unxiuteestdigua.·
1071 1400 1074 1410 .

938 1485 1353 1580 conones

493 1591 497 1598 ’
585 1599 670 1693 336.
708 1596 740 1666 si
761 1596 856 1691 igitur
871 1593 941 1662 axis
963 1615 1019 1687 per
1037 1584 1141 1689 ipsu'm
1159 1609 1304 1662 centrum
1323 1582 1456 1664 inertiae
1477 1593 1492 1661 i
1511 1587 1651 1666 laminae
1669 1589 1826 1686 traniiret,

467 1695 510 1773 ad
522 1721 658 1796 eantque
672 1689 748 1774 css'et
761 1690 1048 1792 perpendicularis,
1073 1691 1117 1761 ob
1132 1693 1177 1762 Oi
1192 1723 1229 1760 =
1243 1717 1286 1774 0,
1314 1697 1379 1764 axis
1392 1719 1408 1763 e
1424 1713 1524 1764 motu
1536 1691 1677 1765 laminae
1699 1693 1823 1768 nnllam

358 1804 362 1813 '
467 1799 643 1978 {tundentium
656 1792 801 1888 sentiret,
826 1819 931 1894 neque
941 1817 1027 1894 ‚ergo
1042 1791 1106 1864 ulia
1127 1798 1158 1864 vi
1170 1817 1254 1892 opus
1276 1787 1353 1868 cffet
1373 1792 1413 1868 ed
1437 1817 1531 1867 anem
1548 1800 1731 1880 immotum
1751 1800 1825 1896 retis

937 2051 966 2121 S
985 2048 1077 2122 CH
1093 2049 1127 2126 Ο
1147 2049 1180 2120 L
1199 2049 1228 2120 J
1246 2049 1280 2124 0
1301 2049 1349 2125 Ν.

474 2209 478 2220 .
585 2181 674 2256 337,
706 2153 833 2255 Quodfi
853 2159 919 2228 axis
938 2175 1007 2230 non
1028 2177 1249 2252 perlccuttum
1277 2161 1408 2230 inertiae
1428 2151 1559 2242 mnis,
1596 2171 1660 2228 tam
1683 2152 1825 2232 firmiter

470 2265 553 2337 intra
572 2254 646 2330 suros
666 2257 808 2329 cardines
831 2261 961 2328 retineri
981 2253 1101 2343 debet,
1138 2275 1173 2330 ut
1193 2262 1223 2326 ui
1243 2255 1414 2358 ass'rgnatae
1435 2255 1576 2330 refillcre
1596 2253 1717 2339 valeat,
1738 2287 1824 2350 nne·

470 2387 535 2462 que
556 2383 699 2456 unquam
718 2358 757 2428 ab
778 2383 812 2428 ea
834 2355 874 2428 dc
897 2353 955 2428 suu
974 2352 1210 2452 suo-dimoveri
1229 2357 1336 2458 poifit.
1408 2351 1495 2431 Cum
1516 2379 1623 2430 autem
1647 2365 1655 2428 i
1682 2355 1710 2430 sa
1729 2362 1823 2450 huius

355 2537 364 2560 Ι
470 2469 518 2536 tiis
538 2460 672 2534 dirediio
692 2464 724 2532 in
744 2483 864 2557 gyrum
883 2477 1013 2556 agatur,
1050 2457 1283 2558 quaquaversus
1302 2463 1367 2534 axis
1385 2467 1419 2533 in
1438 2456 1496 2532 suo
1519 2457 1577 2531 suu
1597 2463 1628 2530 vi
1654 2383 1824 2532 drfficicnti
1867 2499 1872 2506 ·
1938 2509 1939 2558 3

468 2567 596 2638 retineri
609 2558 725 2636 debet:
750 2585 786 2632 nc
801 2555 1003 2659 perspicuum
1023 2557 1155 2660 quidem
1169 2559 1232 2646 eu,
1259 2557 1301 2636 e'o
1322 2567 1440 2653 majore
1453 2567 1483 2634 vi
1497 2588 1580 2660 opus
1594 2555 1659 2632 ess'e
1673 2559 1709 2633 ad
1725 2585 1820 2634 eutem

469 2657 693 2746 retinendum,
717 2687 787 2762 qun
799 2666 902 2760 uragis
915 2654 1063 2732 centrum
1078 2665 1207 2735 inertiae
1218 2663 1258 2736 ab
1271 2663 1312 2736 e'o
1323 2663 1424 2738 distet.
1477 2667 1637 2735 Praeterea
1654 2689 1734 2736 vero
1741 2665 1823 2738 haec
1840 2719 1843 2726 Δ

342 2809 353 2828 .
458 2769 517 2838 -vis
531 2757 780 2864 proportionalis
794 2761 838 2834 eli
854 2756 971 2838 massae
982 2761 1123 2836 laminae
1136 2787 1167 2836 et
1180 2765 1334 2864 quadrato
1349 2765 1515 2839 celeritatis
1537 2763 1709 2862 angularis.
1758 2768 1821 2838 Ce-

465 2859 573 2962 't'emm
586 2867 639 2936 hie
651 2859 757 2949 casus,
794 2889 861 2964 quo
881 2883 996 2962 corpus
1016 2885 1052 2936 ut
1071 2863 1226 2938 laminam
1248 2861 1373 2940 infinite
1392 2887 1523 2961 tenuem
1547 2857 1656 2954 summ
1673 2885 1825 2938 contem·

409 3011 415 3024 ·
468 2968 563 3068 plati,
586 2991 649 3037 nos
664 2963 852 3038 manuducit
862 2963 901 3036 ad
914 2989 1050 3064 corpora
1088 2991 1292 3070 ucecunque,
1316 2963 1472 3068 quoniam
1494 2961 1745 3064 diviioeorpore
1764 2989 1823 3066 per

467 3066 625 3154 sedliones
638 3066 677 3138 ed
696 3092 790 3140 axem
806 3065 969 3140 normales
982 3072 1015 3138 in
1031 2993 1172 3142 inlnitas
1184 3069 1341 3155 laminas,
1362 3074 1443 3140 vires
1460 3071 1551 3154 hinc,
1565 3067 1682 3163 quibus
1699 3073 1764 3142 exis
1786 3075 1822 3142 in

467 3165 600 3268 fingulis
614 3168 739 3264 pundiis
757 3163 954 3252 sollicitatur,
984 3163 1077 3240 facile
1099 3167 1175 3242 colli
1201 3189 1309 3244 untur.
1359 3169 1490 3242 Totum
1512 3163 1627 3238 scilicet
1647 3156 1823 3269 negotium

468 3269 743 3342 adinventionem
758 3197 1318 3370 centrrinmnecujusquelmime
1331 3266 1505 3346 reducitur:
1530 3291 1644 3347 retunt
1660 3271 1728 3364 alio
1743 3295 1821 3348 ωο-

317 3411 323 3422 ·
468 3365 513 3445 do
527 3373 610 3448 hanc
622 3368 900 3471 investigationem
919 3387 1092 3444 tentemus.
1645 3416 1647 3422 ·
1817 3405 1820 3411 ·

804 3483 1433 3613 ·nnonnnnn7;

227 3673 233 3684 ·
318 3653 458 3758 Fig.32,
570 3673 654 3757 338.
680 3661 712 3730 Si
727 3679 844 3756 eorpus
858 3653 998 3754 rigidum
1013 3661 1093 3730 circu
1113 3673 1206 3732 nxe'm
1227 3663 1289 3748 Qu
1309 3657 1515 3738 uniformiter
1533 3681 1688 3764 gytetur,
1726 3663 1820 3742 viret,

467 3787 545 3860 quas
557 3767 622 3834 axis
636 3757 779 3842 sustinet,
802 3763 836 3830 in
848 3751 1013 3832 summam
1024 3757 1194 3860 colligere,
1217 3761 1328 3836 velud
1347 3761 1426 3838 duaa
1445 3769 1527 3838 vires
1547 3763 1718 3845 reducere,
1748 3765 1820 3861 quif

469 3863 606 3964 putaris
619 3858 815 3936 sollicitetur.

913 3961 1316 4102 ‚sonnrma
1415 4057 1420 4066 -
1571 3954 1576 3966 ’

471 4215 474 4226 ,
594 4147 682 4220 Cum
701 4175 760 4224 axe
779 4152 955 4250 gyretionia
970 4155 1035 4225 on
1058 4157 1293 4253 conjungantur
1312 4159 1345 4228 in
1373 4143 1414 4228 '0
1428 4157 1521 4231 binne
1539 4153 1719 4230 dited'ltices
1740 4184 1820 4230 nor·

469 4245 569 4324 malea
588 4251 645 4322 ott
664 4253 799 4335 etOC,
835 4253 949 4354 quibus
971 4279 1031 4354 pm
1056 4254 1220 4328 elemento
1240 4261 1383 4355 eorporis
1404 4263 1438 4328 in
1461 4261 1512 4350 Z,
1551 4263 1639 4348 cujus
1662 4256 1758 4330 trtuffit
1781 4259 1822 4334 fit

470 4351 562 4443 diti,
601 4349 775 4468 denotante
805 4357 849 4432 M
880 4351 1016 4432 maliem
1045 4361 1143 4434 totius
1169 4363 1339 4462 eorporis,
1383 4357 1552 4494 parallelae
1584 4357 1822 4536 coniirffitduir
