3846 4976
479 295 560 390 2⁵4
701 263 900 358 canor
930 259 1009 356 nt.
1058 259 1143 350 na
1165 257 1357 352 aurun
1385 259 1592 361 noros

480 501 519 545 ε
538 473 580 544 V.
611 467 695 540 ¹His
714 465 835 538 duabtu'
860 463 977 548 viribus
1006 466 1141 534 inventis
1168 466 1276 560 ptimo
1303 457 1369 534 solu
1391 467 1436 535 vis
1458 465 1490 528 V
1510 457 1742 548 consideretur,
1777 463 1823 540 otti

481 565 620 670 aeqttulis
645 561 768 668 inipso
794 587 905 637 centro
933 567 1247 654 inertiae,conrrarie
1273 562 1426 662 applicata
1451 571 1669 662 concipiatur,
1704 583 1739 636 ut
1758 593 1823 638 cen·

395 659 400 670 ¹
480 692 569 744 trum
591 667 720 742 inertiae
739 674 924 740 etiamnunc
941 669 975 736 in
1000 668 1107 763 quiete
1129 659 1341 740 conservetur,
1412 661 1604 764 Dispiciarur
1628 691 1734 764 ergo,
1776 667 1823 739 nbi

483 767 618 846 direslio
639 769 722 840 illius
740 773 788 840 vis
807 768 916 866 Vpec
935 764 1068 862 planum
1084 763 1220 863 'aliquod
1242 765 1321 836 iut'ra
1341 765 1435 838 binos
1454 792 1527 838 axes
1554 767 1742 864 principales
1762 791 1822 838 cor·

435 949 439 960 k
483 880 573 974 poris
593 865 743 950 transeat,
782 887 813 940 er
838 891 876 939 ex
905 865 1010 965 probi.
1031 863 1174 964 praeced.
1196 887 1365 963 quaeratur
1384 885 1450 937 tant
1472 874 1538 938 axis
1555 863 1732 966 gyrationis
1751 875 1822 940 eirca

484 999 584 1074 quem
611 995 730 1069 corpus
751 975 892 1067 primum
915 973 1055 1050 converti
1083 972 1235 1065 incipiet,
1278 993 1377 1065 qnam
1402 969 1538 1064 angulus
1567 965 1693 1040 infinite
1719 993 1822 1068 parnis

485 1081 594 1175 ptimo
615 1067 815 1170 tempuscolo
835 1063 1021 1169 prodnd'lns,
1056 1092 1058 1102 ’
1083 1071 1177 1140 Tum
1203 1087 1310 1140 atttetn
1332 1075 1461 1168 corpori
1474 1064 1608 1168 insuper
1631 1091 1740 1140 morus
1758 1095 1822 1166 prot

435 1236 438 1243 .
485 1173 638 1274 grellivns
660 1168 882 1268 imprimetur,
920 1167 1080 1268 adquam
1102 1168 1328 1257 inveniendum
1352 1175 1398 1241 vis
1419 1168 1471 1240 illa
1491 1170 1584 1242 altera
1607 1175 1637 1236 V
1656 1165 1822 1242 secundnm

485 1271 574 1347 snam
598 1265 928 1370 dircdlioo'ent'ipsanr
952 1291 1083 1369 quoqne
1103 1243 1364 1342 centro'lnertia‘e
1384 1269 1535 1369 applicata
1554 1276 1764 1368 concipiatur,
1788 1278 1824 1342 ita

485 1397 523 1452 ut
542 1375 740 1466 conjundlim
760 1399 834 1446 curn
858 1377 888 1440 vi
910 1377 1015 1468 priore
1037 1359 1136 1462 biam
1152 1397 1269 1472 corpus
1283 1366 1427 1448 sollicitet
1434 1394 1444 1462 3
1476 1393 1507 1444 et
1526 1378 1598 1470 quia
1613 1393 1746 1472 citraque
1759 1399 1821 1445 cen·

487 1496 538 1552 tro
559 1482 687 1549 inatriae
715 1471 760 1545 ell
785 1470 958 1571 applicata,
999 1471 1071 1546 inde
1101 1477 1222 1544 orietur
1248 1493 1359 1544 motus
1384 1469 1597 1572 progrelstvus
1625 1477 1825 1572 purum-‚qni

487 1575 513 1650 st
534 1605 609 1650 cunr
636 1578 804 1680 gyratorio
828 1591 906 1654 'ante
932 1575 1070 1646 inuento
1092 1573 1323 1670 combinetur,
1368 1575 1536 1650 habebitur
1559 1594 1646 1650 totus
1667 1569 1824 1650 eflectum

489 1675 606 1752 uiribus
635 1671 807 1778 propositis
833 1668 1021 1774 producitis.
1077 1675 1080 1682 ⁴
1555 1691 1560 1698 '

855 1821 1357 1974 'QUOROLLu
1465 1881 1470 1892 '

589 2017 676 2104 646.
702 2018 734 2087 Si
755 2018 801 2084 vis
823 2015 855 2082 V
878 2008 1059 2095 evanescat,
1085 2017 1153 2086 ltac-
1169 2011 1232 2095 cll,
1268 2011 1290 2084 li
1309 2020 1401 2088 unica
1421 2013 1571 2091 derurvis
1585 2016 1608 2094 S
1622 2036 1730 2092 centro
1754 2023 1824 2092 iner-

477 2121 550 2211 ‚tiae
569 2117 743 2214 applicata,
780 2141 869 2213 quae·
890 2117 1043 2215 omnibus
1065 2115 1181 2194 viribus
1203 2113 1440 2210 sollicitantibus
1460 2119 1672 2217 aequivalens,
1710 2142 1780 2195 tum
1796 2139 1824 2190 ut

488 2215 581 2327 supra
600 2222 662 2311 jam
680 2215 840 2301 uidimus,
861 2219 993 2316 corpori
1012 2209 1099 2288 solus
1114 2215 1684 2321 motus'progtelstvnsimprimitur:

960 2415 1370 2502 COROLLa

592 2563 678 2646 647,
705 2542 766 2630 'Sin
786 2559 957 2654 antemnis
976 2533 1155 2654 baeqltalis
1177 2553 1212 2626 lit
1230 2559 1262 2626 ui
1285 2560 1315 2625 V
1336 2551 1389 2628 sad
1410 2553 1622 2630 ditedlionem
1644 2559 1753 2632 babeat
1769 2554 1826 2657 op:

437 2700 439 2708 ·
478 2654 646 2760 politam,
677 2655 766 2758 'quod
788 2655 823 2728 lit
844 2655 966 2729 srvires
987 2653 1189 2728 sollicitantes
1210 2664 1251 2728 ita
1276 2653 1396 2733 suerint
1414 2681 1634 2758 comparatae,
1667 2682 1702 2733 ut
1719 2683 1827 2734 omnes

488 2785 635 2860 quaeque
665 2765 699 2848 in
726 2753 779 2830 sua
806 2757 981 2832 dirediione
1010 2777 1122 2829 centro
1149 2762 1279 2830 inertiae
1303 2759 1476 2856 applicatae
1501 2755 1534 2831 se
1558 2785 1677 2836 tutuno
1697 2761 1826 2835 delitue-

420 2895 422 2904 ·
488 2881 578 2958 rent,
617 2879 687 2932 rum
707 2859 854 2934 c'entnnn
887 2865 1017 2932 inertiae
1035 2864 1069 2931 in
1091 2863 1198 2962 quiete
1216 2855 1441 2960 perseverabit,
1475 2855 1628 2966 solusque
1647 2885 1755 2939 motus
1773 2888 1827 2964 gy·

490 2968 626 3036 tarutius
650 2962 865 3062 generabitur,
957 2965 982 3006 ‘·
1438 2997 1443 3002 ·

866 3260 869 3266 ι
961 3115 1388 3258 COROLLJ?

504 3289 508 3296 ¹
555 3283 558 3310 ¹
593 3310 679 3388 648.
717 3297 863 3398 Reliquis
887 3295 1009 3371 casibus
1035 3301 1188 3373 omnibus
1215 3305 1248 3372 in
1274 3325 1411 3399 corpore
1438 3283 1829 3406 motnsrnixtusgeoera·

489 3403 591 3495 bitut;
623 3403 700 3510 altat
716 3396 949 3575 progressivae,
981 3401 1060 3473 alter
1079 3407 1159 3474 cirea
1178 3421 1299 3474 certmn
1319 3400 1482 3501 quendam
1502 3429 1596 3478 axem
1618 3433 1678 3504 per
1694 3429 1829 3482 centrum

468 3510 621 3602 ¹inertiae
646 3527 714 3576 tran
730 3523 881 3595 euntem3
928 3523 1069 3602 qnorum
1087 3523 1270 3603 ‘titutmque
1297 3493 1427 3604 saorsnn
1455 3505 1656 3583 considerate
1681 3537 1720 3584 ae
1738 3507 1829 3605 detetg

490 3612 615 3684 minare
639 3605 723 3682 licet.
835 3627 842 3642 ‘
1005 3679 1009 3684 .
1157 3645 1158 3648 ¹

835 3777 842 3802 ¹
955 3715 1423 3868 sonoriora·-

588 3905 789 4002 649.'ldem
812 3901 946 3980 effedlus
967 3903 1161 4006 producetur
1179 3907 1219 3977 ab
1242 3907 1290 3982 his
1318 3905 1434 3979 uiribus
1457 3901 1718 3994 sollicitantibus,
1744 3916 1834 3984 etiarn

489 4008 652 4108 steorpus
674 4015 707 4080 ln
731 4031 826 4081 uteru
848 4003 1006 4089 versetur,
1046 4031 1159 4082 verunt
1185 4009 1230 4082 ob
1257 4011 1350 4096 liujus
1370 4030 1482 4088 motus
1500 4008 1736 4085 admixtionem
1757 4009 1831 4084 diffi-

489 4111 579 4184 cilius
600 4105 751 4208 cognosci
774 4106 902 4207 poterit.
968 4110 1001 4186 Si
1022 4115 1110 4180 enim
1137 4131 1253 4208 corpus
1276 4111 1340 4200 jam
1366 4115 1445 4182 circa
1465 4109 1565 4182 alium
1586 4137 1682 4188 arem
1709 4136 1830 4214 gyretut

432 4303 435 4310 ,
488 4237 526 4299 ac
552 4235 638 4282 tinne
665 4213 834 4290 incitatur,
875 4235 944 4288 non
978 4205 1085 4282 solum
1118 4209 1443 4310 celeritaslanguloris'
1469 4207 1647 4286 sed-etiam
1677 4213 1745 4317 ipse
1773 4219 1830 4286 axis

357 4307 385 4414 ἰ
488 4315 667 4416 gyratiooia
691 4309 890 4402 mutabitur,
927 4316 969 4384 ita
991 4333 1027 4386 ut
1049 4305 1144 4412 ¹,tttutc
1165 4317 1249 4421 circa
1274 4311 1374 4386 aliurn
1393 4338 1564 4414 axetnpcr
1581 4337 1741 4412 centrum¹
1756 4322 1830 4405 iuer·

502 4447 504 4452 ·
1776 4439 1830 4488 ttae

1429 3659 1560 3725 ‘VX
