3898 4990
565 411 991 517 PRAEFATIO.'

106 622 282 732 balium,
309 621 582 710 variationem
603 637 940 726 momentaneam
956 618 1077 732 bajus
1094 639 1236 710 motus
1254 627 1449 716 definiam
1543 595 1548 604 ⁵

106 777 224 879 tium,
249 771 486 884 ,integratio
508 769 694 854 maxima
718 769 916 881 premitur
937 766 1185 855 difficultate.
1243 775 1451 888 Aequatio

104 916 383 1004 differentialis
399 915 617 1002 celeritatis
635 911 842 1026 angularis
857 918 1129 1002 variationem
1148 921 1388 1032 exprimens
1405 919 1450 1006 li·
1525 939 1527 950 ⁴

104 1087 167 1150 cet
183 1064 238 1151 ad
260 1062 556 1178 separationem
576 1059 849 1180 variabilium‘·
859 1061 1003 1186 reduci
1024 1054 1178 1179 queat,
1203 1065 1448 1180 paucillrmis

102 1211 409 1300 tamencalrbus
428 1212 638 1325 exceptis,
667 1230 856 1322 receptas
872 1209 1149 1327 exprellrones
1172 1241 1347 1300 arcuum
1369 1219 1447 1327 cir-

76 1354 916 1472 'culariumvel'logaritbmorumrespuit.
970 1357 1083 1446 Huic
1099 1359 1267 1473 quidem
1286 1365 1446 1448 incom-
1563 1391 1570 1414 ·
1700 1396 1704 1404 ·

101 1507 229 1593 modo
250 1506 387 1622 aliqua
406 1509 566 1593 ratione
585 1501 793 1591 medelam
813 1503 934 1590 affert
955 1533 1061 1592 cen.
1086 1533 1315 1617 aucroa,
1332 1593 1334 1598 ,
1352 1507 1446 1594 loco
1728 1495 1735 1503 ⁶

98 1652 321 1741 celeritatis
338 1649 544 1767 angularis
568 1649 868 1738 introducendo
889 1651 1013 1738 aliam
1035 1652 1295 1766 variabilem,
1326 1685 1468 1776 aqua

98 1799 290 1887 celeritas
308 1797 514 1912 angarians
529 1797 724 1912 pendeat:
739 1796 863 1882 nihilo
879 1819 1019 1910 tamen
1034 1799 1281 1890 seciusnova
1294 1833 1446 1919 aequa·

22 1945 23 1950 ‘
97 1943 455 2032 tio-differentialis
470 1943 566 2028 inde
581 1964 673 2030 orta
686 1941 814 2028 itaest
829 1967 1086 2056 comparata,
1121 1965 1169 2030 ut
1188 1951 1356 2036 nonnili
1372 1979 1447 2064 per
1526 1999 1532 2010 ·

98 2119 226 2182 arcus
241 2089 461 2177 scilianum
476 2093 724 2176 cometarum
747 2089 840 2197 ejus
853 2091 1073 2201 integratio
1094 2090 1284 2206 expediri
1309 2115 1449 2208 queat,
1547 2144 1551 2160 ·

99 2239 209 2328 unde
238 2267 318 2357 nec
345 2235 477 2352 ullum
497 2233 773 2336 ¹commodum
804 2233 857 2321 ad
884 2221 1097 2322 calculum
1118 2236 1448 2354 prosequendum

22 2367 23 2388 ³
100 2384 321 2493 redundat,
349 2413 426 2474 uec
447 2382 501 2470 ad
524 2383 669 2470 datum
693 2402 856 2496 tempus
876 2365 1064 2470 celeritas
1084 2383 1289 2498 angularis
1309 2386 1446 2504 colligi

101 2536 237 2653 potest.
297 2531 442 2643 Quare
456 2559 555 2618 cum
566 2526 771 2616 formulae
782 2527 901 2614 litum
916 2533 1249 2646 axisgyrationis
1264 2505 1445 2650 respectu
1584 2589 1587 2602 =

25 2725 27 2773 i
104 2687 245 2770 axium
257 2677 544 2797 principalium
557 2675 802 2794 definientes·
817 2704 842 2764 a
859 2671 1065 2766 celeritate
1089 2678 1274 2794 angulari
1293 2683 1445 2796 pende-

26 2805 28 2888 l
86 2849 184 2949 ant,
210 2813 448 2916 universalis
462 2821 729 2942 problematis
744 2821 889 2910 solutio
902 2852 927 2910 a
941 2822 1119 2914 subsidiis
1134 2825 1348 2941 analyticis
1369 2859 1445 2916 ex·

104 2971 415 3092 petierinequit.
462 2969 695 3088 Explicatis
711 2975 849 3084 iraque
866 2970 1027 3060 cafibus
1038 2973 1285 3088 quibusdam
1300 2973 1447 3090 lpecia·

105 3115 199 3212 libus
212 3121 438 3241 persediam
453 3119 695 3236 solutionem
709 3116 1037 3228 admittentibus,
1056 3129 1114 3206 ut
1131 3121 1442 3235 quodammodo

107 3271 461 3379 aestimareliceat,
499 3267 631 3383 qualis
653 3265 874 3352 hiemotus
889 3267 933 3354 fit
948 3265 1130 3380 futurae,
1159 3269 1212 3356 ad
1228 3250 1443 3358 subfidium

108 3419 309 3532 quoddam
338 3415 626 3504 mechanicum
653 3391 838 3528 confugit
867 3440 973 3501 con.
1004 3439 1231 3527 Aucuoa,
1278 3441 1442 3508 motum

110 3559 741 3682 lcilicetpenduli‘percircnlrrm3
771 3561 1174 3652 a'cconcelsamotus
1195 3563 1443 3653 determina·
1523 3535 1563 3578 ⁸

110 3714 226 3822 tione,
257 3742 343 3828 quo
356 3737 506 3828 corpus
523 3737 650 3824 grave
666 3712 709 3796 in
724 3708 952 3824 peripheria
971 3709 1114 3798 circuli
1136 3712 1202 3799 vel
1223 3709 1442 3804 oscillando
1575 3735 1603 3822 .'

112 3859 169 3946 vel
186 3859 440 3950 revolvendo
460 3878 671 3966 movetur,
708 3853 762 3942 ad
774 3855 958 3971 quodvis
979 3875 1144 3974 tempus
1168 3858 1441 3950 determinare
1532 3899 1541 3918 ·
1597 3880 1599 3888 ’

113 4003 223 4094 docet
242 4007 479 4124 politionem
502 4007 596 4092 axis
618 4007 844 4118 gyratioois
875 4003 1055 4120 respeiiu
1077 4009 1221 4092 axium
1243 4013 1443 4122 principa·
1558 3994 1596 4029 “’
1697 4072 1698 4086 Ν

113 4147 210 4240 lium.
229 4209 232 4214 -
250 4153 436 4242 Alivero
454 4155 538 4265 jam
555 4147 730 4236 restabat
744 4147 919 4239 alterum
933 4150 1202 4267 problematis
1216 4155 1442 4256 resolvendi
1510 4143 1512 4150 ’

114 4321 377 4414 nomentum,
418 4299 705 4396 determinatio
719 4295 869 4420 scilicet
879 4297 975 4386 situs
989 4302 1133 4388 axium
1154 4300 1442 4415 principalium

1311 4445 1444 4563 respe-
1481 4455 1490 4481 ·’
