3890 4988
724 731 728 738 ·
792 611 1202 765 CAPUT
1287 611 1438 759 Vn.

478 841 548 922 ne
572 835 737 918 Moru
764 828 1154 926 oscnrnroruo
1180 827 1472 912 conionum
1495 828 1753 953 unumne

860 1119 1378 1304 PnonrnnAun

398 1401 413 1438 e
458 1439 462 1448 ¹
550 1285 711 1450 §amsi
732 1360 847 1450 corpue
879 1345 1019 1520 nfidum
1046 1342 1143 1419 suerit
1168 1343 1291 1418 mobile
1311 1349 1392 1418 circa
1421 1333 1516 1416 ortem
1550 1345 1792 1422 horizoutclem

447 1453 570 1541 fixum,
597 1458 727 1550 ejmqne
741 1471 889 1524 motusc
917 1449 967 1521 ola
982 1451 1132 1548 gravitate
1153 1446 1310 1530 turbetur,
1343 1445 1556 1520 determinare
1577 1455 1793 1526 mutationem

448 1573 716 1633 momentaneam
734 1557 767 1626 in
782 1570 875 1624 motu
892 1555 1057 1651 gyratorio
1070 1547 1276 1648 produllem.
1346 1548 1350 1610 Ῐ

926 1741 1334 1883 sorurrn

272 1977 425 2058 Tam,
550 1965 776 2038 Communem
795 1961 848 2033 liic
871 1963 1030 2058 gravitatis
1051 1952 1245 2059 hypothesin
1268 1951 1413 2038 ali'umo,
1475 1981 1513 2028 ue
1535 1953 1657 2054 lingula
1678 1983 1794 2060 corpo-
1912 1947 1915 2004 l

268 2082 411 2186 fig,67,
450 2067 664 2144 riselementa
685 2059 793 2135 recellit
812 2059 1091 2162 proponionuliter
1109 2051 1259 2132 deorsum
1286 2079 1440 2156 urgemur
1453 1981 1634 2130 lecnndum
1649 2058 1794 2133 diredlio·

246 2169 250 2176 ’
451 2195 509 2246 nee
529 2176 610 2240 inter
630 2159 661 2238 se
682 2163 855 2261 parallelus.
918 2165 1085 2249 Quatenus
1104 2183 1184 2256 ergo
1204 2183 1321 2257 corpus
1336 2157 1379 2231 ell
1393 2157 1550 2260 rigidum,
1578 2163 1627 2232 his
1643 2164 1793 2236 omnibus
1917 2176 1919 2256 ἶ

449 2271 569 2342 viribus
588 2263 762 2364 aequivalet
781 2287 843 2356 una
864 2265 911 2334 vis
930 2259 1063 2361 ponderi
1083 2267 1226 2356 corporis
1241 2257 1399 2359 aequalis,
1442 2261 1530 2351 etrjue
1548 2260 1682 2334 direilio
1702 2262 1794 2336 deor·
1918 2263 1920 2332 ζ

449 2366 521 2442 sum
543 2365 675 2439 tendens
696 2387 753 2462 per
777 2365 843 2450 ejus
866 2385 1011 2434 cenrnnu
1034 2366 1164 2432 inertiie
1182 2357 1300 2436 tranlit.
1366 2363 1474 2456 Quare
1493 2359 1517 2432 li
1535 2367 1676 2462 eorporis
1695 2359 1792 2438 crull·
1920 2390 1921 2394 ’

451 2471 573 2542 dicotur
591 2495 631 2533 ε.-
648 2467 707 2550 Μ,
740 2467 870 2561 ejusque
882 2483 1028 2535 centrum
1045 2467 1174 2534 inertiue
1193 2459 1229 2532 sn
1251 2467 1284 2534 in
1306 2463 1338 2542 l,
1368 2461 1507 2564 indeque
1527 2461 1672 2537 deorsum
1693 2463 1787 2536 duca·

452 2590 503 2644 tur
521 2565 605 2640 reeta
625 2563 778 2638 verticalis
798 2567 860 2650 lG,
891 2563 934 2635 ob
949 2569 1135 2664 gravitatem
1149 2587 1267 2660 corpus
1280 2561 1494 2636 sollicitabinrc
1512 2571 1545 2636 in
1561 2565 1731 2639 duellione
1746 2566 1788 2640 lG

269 2656 274 2668 l
401 2725 410 2745 e
451 2675 542 2754 evi,
580 2693 662 2768 qnae
680 2663 743 2765 ipsa
765 2661 882 2740 rnall'ae
906 2667 946 2738 M
966 2665 1105 2766 aequalis
1124 2663 1169 2736 ell
1194 2663 1373 2752 statuenda,
1409 2663 1670 2766 quandoquidem
1692 2661 1792 2768 ipsum

399 2794 404 2800 ’
451 2766 584 2844 mutiam
606 2773 647 2841 M
671 2793 727 2867 per
748 2768 876 2867 pondus
896 2770 989 2857 hujus
1004 2771 1153 2866 eorporis
1176 2771 1398 2864 exprimimus.
1451 2771 1551 2838 Porro
1567 2795 1640 2840 cum
1655 2775 1719 2839 exis
1731 2795 1792 2870 gy·

447 2879 580 2946 rationis
601 2869 637 2944 sn
655 2869 881 2952 ltorizonralis,
913 2869 952 2940 nd
972 2893 1049 2940 enm
1071 2865 1261 2938 normaliter
1279 2864 1487 2940 constituntur
1502 2867 1632 2966 planum
1648 2895 1704 2970 per
1716 2897 1793 2942 cen·

377 3013 394 3030 a
447 2975 534 3048 irum
555 2977 684 3044 ineniae
705 2975 718 3042 1
737 2969 909 3052 transiens,
941 2968 1029 3070 quod
1050 2975 1110 3040 erit
1133 2967 1296 3054 veniente,
1326 2989 1358 3041 et
1377 2964 1446 3068 ipso
1464 2969 1562 3067 pleno
1574 2971 1698 3044 tabulae
1713 2969 1794 3045 relc-

368 3147 372 3156 ,
447 3089 551 3148 relurt
582 3079 648 3144 nuit
667 3075 764 3170 igitur
784 3076 960 3171 gyrationis
981 3069 1019 3142 ad
1039 3071 1104 3142 hoc
1121 3069 1256 3168 plenum
1279 3069 1434 3141 normalis
1490 3075 1795 3169 rpunllumOtre·

448 3177 547 3268 leiim
572 3178 787 3272 concipietur,
818 3173 903 3244 unde
923 3171 962 3243 ad
985 3175 997 3241 l
1018 3172 1111 3244 duila
1134 3173 1216 3242 reela
1231 3174 1276 3240 Ol
1294 3173 1420 3242 exhibet
1438 3097 1616 3244 (llllmtimr
1630 3181 1730 3247 centri
1743 3180 1795 3246 in·

356 3307 359 3312 ·
449 3281 543 3350 ertiae
568 3279 577 3344 Ι
599 3275 638 3343 ab
664 3297 721 3346 exe
741 3277 928 3374 gymtionic.
1002 3275 1066 3346 His
1099 3269 1274 3371 pmemillis
1300 3291 1406 3344 teneor
1429 3295 1517 3345 unm
1540 3299 1659 3372 corpus
1685 3269 1795 3348 AEBF

448 3375 543 3450 litum
565 3379 597 3446 in
619 3372 719 3473 figunt
740 3369 1028 3473 repraesentatum,
1063 3371 1220 3472 dm‘laque
1241 3371 1378 3444 verticuli
1402 3378 1483 3461 OC,
1518 3401 1557 3445 ex
1570 3375 1693 3475 angulo
1715 3379 1794 3450 COl

448 3475 523 3564 ficus
542 3481 688 3572 corporis
706 3471 883 3548 innotescit.
934 3478 1074 3548 Ponatur
1089 3473 1290 3545 intervallum
1306 3475 1353 3546 Ol
1365 3475 1454 3570 z),
1479 3497 1510 3548 et
1524 3475 1564 3548 ecl
1578 3477 1708 3576 tempus
1725 3495 1793 3552 :et

448 3567 800 3679 nrrgcttusc01‘20,
839 3581 896 3648 e'cit
916 3581 961 3650 vis
983 3578 1026 3648 lG
1045 3607 1083 3644 =
1103 3574 1148 3648 M
1168 3595 1377 3648 momentum
1397 3569 1539 3674 respetln
1558 3579 1633 3650 auis
1651 3585 1796 3679 gyratio·

449 3685 499 3751 nis
520 3713 554 3748 =
578 3680 617 3750 M
617 3682 649 3772 s
659 3675 761 3776 linco,
792 3674 925 3770 tendens
944 3675 982 3747 ad
1002 3673 1158 3776 ungulum
1178 3679 1254 3749 COl
1276 3675 1509 3762 minuendum,
1536 3705 1620 3780 quae
1639 3687 1672 3750 in
1688 3681 1793 3779 probi.

453 3805 509 3853 oo.
529 3777 605 3852 loeo
624 3785 784 3851 momenti
806 3777 864 3870 Vs
879 3774 923 3850 ell
947 3772 1171 3850 substituendo.
1229 3779 1389 3850 Praeterea
1410 3803 1487 3850 vero
1508 3776 1687 3853 necelleeii
1703 3781 1794 3857 nolle

449 3899 659 3952 momentum
684 3884 813 3951 inertiae
833 3883 978 3976 corporis
998 3873 1139 3975 respeelu
1157 3883 1225 3950 exie
1245 3883 1493 3978 gyratiouisss,
1529 3885 1573 3952 ibi
1597 3907 1654 3981 per
1664 3883 1793 3979 srrdM

449 3977 640 4053 indicatum:
682 3982 769 4050 lrunc
788 3985 820 4050 in
839 3978 940 4052 linem
962 3981 1162 4075 concipiatur
1179 3985 1243 4054 axis
1265 3977 1444 4080 peripsum
1467 4003 1612 4054 centnun
1625 3974 1793 4058 inenieel

449 4075 603 4154 tranliens
622 4085 670 4150 exi
689 4085 864 4175 gyrationis
887 4077 1069 4178 parallelus,
1106 4084 1196 4172 cujus
1215 4079 1357 4182 relpeelu
1376 4077 1414 4153 iit
1432 4104 1642 4156 momentum
1657 4091 1791 4162 inertiae

447 4185 595 4278 eorporis
621 4211 658 4249 =
680 4182 775 4262 Mur,
805 4187 925 4278 eritque
944 4179 1086 4267 ejusdcm
1108 4205 1315 4255 momentum
1337 4187 1466 4255 iuenine
1485 4181 1627 4282 respeelu
1645 4191 1712 4260 exis
1732 4215 1792 4288 gy-

446 4285 578 4357 rationis
597 4283 629 4355 0
647 4313 685 4354 =
704 4284 744 4358 M
758 4281 822 4382 (ff
832 4294 866 4369 †
878 4279 938 4380 kk)
959 4279 1003 4354 ob
1030 4281 1231 4358 intervallum
1248 4287 1368 4362 horum
1383 4287 1491 4360 axium
1506 4289 1602 4362 Ol:
1612 4289 1651 4385 f.
1702 4293 1792 4364 Hinc

1517 4889 1527 4906 ι
1652 4902 1800 4931 ‚un-'¹
1891 4906 1898 4917 ι
