3870 4990
198 343 550 449 ,conuoaon
565 345 746 448 moto.
760 285 1325 494 τιῑιὶωὲΑκιΒυερω.ρ
1359 310 1449 466 ‘231

108 555 156 653 pia
177 570 250 624 ante
269 551 328 623 bac
347 547 460 652 pall'tm
482 547 623 650 expolita
642 549 721 624 nibil
735 549 828 626 babet
841 529 1054 642 difficultitie3
1081 549 1128 644 fin
1141 547 1250 628 autern
1271 546 1454 728 ipsefymg
1556 523 1560 535 t
1690 529 1693 536 .

107 657 466 733 tiortiuaritcontinuo
485 658 637 735 varietur,
666 655 746 740 baec
758 658 926 751 {principia
940 659 1079 728 minime
1094 651 1277 738 sufficiunt,
1295 654 1340 730 'se
1373 683 1452 730 eoo-

106 751 298 853 sugiendum
318 746 378 827 erit
396 753 436 826 ad
458 781 512 839 ea,
543 759 676 853 quaein
698 755 850 856 capitibus
870 753 1127 856 praecedentibus
1146 753 1247 830 subus
1265 754 1336 830 sunt
1350 757 1457 856 explig
1604 751 1607 760 ’

107 877 185 934 cata.
234 859 281 928 in
301 857 365 928 hoc
384 874 491 928 tamen
511 866 630 952 eapite,
660 856 714 928 ubi
734 853 881 928 demoto
896 882 1073 962 eorportun
1094 864 1191 930 ternis
1206 859 1454 958 axiburparibur

105 956 323 1058 pmeditontm
341 975 374 1033 et
391 981 410 1028 tt
431 955 528 1032 nullis
548 958 664 1029 viribus
682 953 922 1044 sollicitatomm
939 963 1088 1057 agimur,
1106 1004 1110 1045 t
1128 958 1193 1032 iilis
1219 955 1368 1044 sublidijc
1381 985 1454 1032 nou
1555 1035 1558 1044 ,

104 1058 306 1159 indigemus,
336 1052 389 1131 sed
412 1082 470 1158 per
488 1055 630 1159 uulgaria
643 1063 798 1159 principia
811 1078 918 1132 totum
939 1048 1216 1160 negotiumlunica
1228 1057 1453 1163 propofitione

103 1161 253 1261 expedire
271 1167 464 1260 poterimus.
573 1259 578 1268 ι
1271 1205 1272 1209 =
1448 1166 1452 1175 '

498 1323 1057 1412 PROOELEMAEm.

163 1463 177 1508 ¹
208 1471 294 1552 aot.
319 1463 353 1533 Si
370 1482 493 1558 corpor
507 1459 647 1559 rigidum
671 1461 901 1538 tribuentibus
921 1463 1049 1562 paribus
1066 1459 1245 1564 praeditum
1266 1419 1456 1563 quomodo.

104 1591 233 1664 cunque
251 1567 453 1663 projiciatur,
490 1589 599 1664 neque
620 1561 772 1664 da'utcept
791 1563 832 1636 ob
851 1562 923 1640 ullia
942 1563 1060 1640 viribut
1079 1559 1282 1654 sollicitetur,
1317 1553 1454 1642 definitb

104 1661 241 1741 motum¹
251 1691 320 1767 quo
333 1660 547 1764 progreditur.
901 1695 903 1702 ·
933 1686 936 1690 ·
1370 1663 1372 1670 ’

580 1867 976 1946 SOLUTIO.

204 1997 323 2080 Motus
342 2009 471 2106 corpori
492 2009 636 2106 primum
658 1999 828 2106 impress'ue
846 2004 1023 2080 resoluatur
1040 2009 1074 2080 ln
1096 2005 1331 2110 progrelitvotn
1351 2025 1384 2080 et
1396 2033 1456 2108 gy-
1552 2009 1560 2018 “

95 2111 258 2184 ’τῖἑῐοτίιιιη
279 2111 358 2179 circat
378 2111 565 2277 quetqpiatn
589 2130 682 2178 axem
706 2131 762 2206 pet
781 2127 928 2180 centrum
950 2113 1081 2186 inertiae
1101 2106 1335 2194 transeuntem,
1372 2133 1455 2209 quo·

96 2237 173 2285 runt
197 2229 373 2306 utrumque
393 2203 464 2280 seor
478 2235 524 2277 nn
544 2203 742 2280 confiderare
757 2206 846 2284 'licen
904 2213 952 2278 Ac
973 2209 1233 2310 primoquidem
1254 2217 1365 2282 rnottis
1381 2234 1456 2306 prn-
1516 2215 1525 2228 ‘
1579 2245 1610 2286 ·,
1707 2270 1711 2286 .

97 2305 256 2416 greliivoe
275 2313 318 2380 ita
337 2309 594 2394 continuabintr,
631 2324 667 2378 ut
692 2326 839 2378 centrum
870 2311 1000 2380 inertiae
1019 2306 1224 2383 unil'o'rrnitet
1239 2315 1276 2383 in
1296 2307 1455 2382 directum
1555 2355 1563 2366 -

99 2408 348 2517 progrediatuq,
391 2435 473 2512 quae
495 2414 680 2510 'proprietas
705 2413 798 2480 omni
824 2413 930 2482 motui
955 2409 1154 2510 progrelittto
1185 2407 1230 2483 ell
1255 2413 1454 2496 communia,

101 2510 224 2588 etiamst
246 2535 363 2610 corpus
382 2535 450 2586 non
468 2522 508 2582 ad
528 2511 592 2584 hor
611 2535 716 2610 genua
739 2505 903 2584 reseratur.
959 2511 1059 2610 Quod
1072 2531 1181 2584 autem
1194 2509 1234 2584 nd
1247 2531 1378 2584 motum
1393 2535 1455 2608 gy·

101 2619 256 2688 ratorium
281 2617 409 2712 corpori
439 2601 582 2712 primula
605 2603 793 2712 impreil'um
813 2617 942 2697 attinet,
981 2615 1033 2684 bic
1058 2610 1183 2686 indoles
1207 2615 1300 2703 buius
1326 2617 1455 2712 generis

103 2707 277 2816 corporum
294 2716 453 2812 imprimis
465 2707 661 2786 solutionem
675 2707 873 2812 suppeditat,
897 2737 974 2786 cunt
989 2717 1077 2786 enim
1093 2719 1157 2786 axis
1170 2719 1360 2814 gyrationis,
1382 2717 1455 2811 qui·

103 2811 229 2918 conque
248 2811 363 2897 fitetit,
390 2819 582 2914 proprietate
601 2819 712 2886 atrium
735 2814 958 2914 principalium
972 2813 1125 2913 gaudeat,
1152 2833 1261 2910 motus
1275 2818 1455 2913 gyratoriui

104 2923 192 2990 initio
211 2909 384 3018 imptess'us
404 2921 444 2986 ita
505 2915 720 3016 mercabitur,
757 2933 793 2986 ut
811 2919 875 2987 atrit
895 2919 1073 3014 gyrationia
1093 2913 1275 2988 conllanter
1293 2919 1326 2984 in
1346 2917 1455 3012 quiete

104 3015 329 3120 perseueraret,
362 3015 385 3088 st
405 3015 460 3088 nul
475 3043 511 3088 nt
532 3037 647 3104 motut¹
664 3011 880 3116 progress‘ttur
898 3009 1036 3116 adeffetg
1073 3014 1265 3090 hoc'autem
1284 3012 1455 3100 accedente
1477 3057 1482 3066 ·

18 3141 24 3155 ⁸
105 3113 364 3221 axis'gyrarionis
384 3139 477 3191 motu
498 3113 553 3188 libi
575 3113 727 3217 parallelo
747 3141 822 3189 cum
838 3137 949 3190 centro
961 3123 1091 3192 inertiae
1105 3115 1313 3188 uniformiter
1326 3116 1456 3190 in'dite·

106 3222 188 3298 llum
201 3221 463 3327 promovebitur,
486 3237 582 3321 atque
594 3225 713 3294 interea
727 3235 838 3292 motus
849 3224 1034 3318 gyratorius
1048 3218 1253 3322 aequabiliter
1265 3210 1454 3290 absolvetur.

582 3415 972 3498 COROLLu
1065 3430 1072 3439 ’

201 3583 290 3654 702.
321 3562 515 3661 Quicunque
536 3583 617 3658 ergo
637 3579 748 3630 motus
761 3575 828 3630 tam
847 3551 1170 3657 progrelllruequatu
1186 3561 1367 3657 gyratotiut
1381 3577 1455 3628 cor·
1511 3545 1516 3552 ¹

110 3667 176 3758 pori
193 3669 284 3736 inifio
308 3667 532 3762 imprimatur,
568 3683 717 3734 centrum
743 3665 871 3732 inertiae
896 3685 973 3732 com
995 3685 1052 3742 axe
1074 3665 1251 3758 gyrationia
1271 3665 1311 3728 ita
1333 3652 1454 3728 unifor-

112 3769 199 3862 miter
218 3763 432 3859 in'rliredlmu
454 3763 692 3863 progredietur,
728 3777 765 3834 ut
781 3765 847 3832 arie
867 3755 924 3831 subi
945 3781 1100 3860 perpetuo
1121 3781 1250 3861 tuanent
1271 3755 1452 3860 paralleloe,

113 3888 283 3968 corpusque
295 3872 379 3940 circa
398 3891 475 3938 etun
494 3857 701 3950 uniformiter
711 3865 820 3962 gyrari
836 3881 955 3962 pergae
1175 3869 1178 3874 '

442 4066 447 4074 ·
570 4009 982 4140 coronal.

207 4227 291 4301 703.
318 4199 450 4278 Etiamli
470 4229 510 4278 co
560 4227 588 4275 tt
608 4207 677 4272 non
696 4197 736 4272 ad
752 4201 816 4272 hoc
829 4179 1117 4300 ¹genut‘pnrtinettt,
1149 4214 1256 4270 tomen
1272 4196 1337 4271 liei
1358 4201 1451 4270 initio

118 4321 228 4396 meter
246 4315 374 4376 motum
390 4227 622 4408 progrelillnqt
639 4323 747 4373 monte
760 4305 940 4398 gyratoriur
954 4303 1035 4370 eirca
1048 4303 1238 4396 quempiam
1256 4324 1350 4374 axem
1363 4303 1450 4398 prin·

121 4405 243 4500 tiptlem
254 4413 474 4508 imprimatur,
498 4429 631 4505 uterque
650 4423 761 4477 motor
774 4401 907 4502 perinde
920 4398 1167 4476 continuabitur«

773 4503 836 4578 Nn
1048 4615 1069 4646 Ν
1370 4495 1448 4608 CO·
