3898 4990
158 189 501 380 ’γὲ
785 333 788 340 .
887 257 1267 401 curuum.

860 457 1377 539 rcuoaroun

408 581 416 598 ’
552 589 635 652 129.
661 549 802 636 Saluitto
815 564 1119 662 hnpenetrabilitatis
1131 568 1283 650 notione,
1314 586 1382 632 non
1404 553 1553 658 equidem
1568 553 1793 646 dubitaverim,

445 680 479 745 in
500 695 536 742 ea
563 662 727 740 essentiam
755 689 932 762 corporum
955 663 1142 739 collocaret
1185 668 1392 736 temerarium
1420 663 1485 732 ho'c
1504 657 1679 740 uidebitur,
1715 685 1794 733 cum

295 813 301 824 ·
446 795 564 844 onmes
588 764 654 841 sere
680 760 865 865 Philosophi
891 769 1086 838 surranimiter
1108 763 1267 850 clament,
1306 758 1472 836 essentiam
1492 786 1669 861 corporum
1700 763 1795 834 nobis

350 885 353 890 '
445 877 574 972 penitus
595 867 657 940 elle
677 872 835 968 ignotam.
898 869 976 940 Hoc
1001 887 1086 940 certe
1105 865 1146 940 de
1165 889 1342 966 corponuu
1356 859 1517 962 speciebus
1532 857 1623 936 saeile
1632 861 1796 946 concedo,

440 999 551 1072 neque
572 988 668 1068 puto,
699 973 766 1038 asuri
786 967 836 1041 vel
855 973 979 1068 argenti
998 962 1163 1040 essentiam
1183 967 1278 1039 nobis
1292 959 1356 1038 esse
1368 960 1545 1064 cognitam.
1597 969 1635 1036 ln
1650 989 1801 1064 quacuoo

447 1101 512 1176 que
532 1078 622 1144 enim
644 1093 677 1141 re
699 1073 769 1170 quit
789 1074 856 1140 aori
876 1058 1039 1142 essentiam
1057 1067 1275 1152 constituerit,
1301 1073 1458 1138 incertum
1472 1061 1535 1144 eli,
1560 1090 1603 1138 aa
1621 1091 1657 1138 ea
1669 1090 1747 1138 auro
1761 1071 1801 1140 in

449 1179 545 1248 orsini
566 1170 645 1242 llatu
664 1175 852 1259 conveniat3
882 1191 914 1244 et
932 1195 1045 1242 annon
1059 1167 1148 1242 *aliud
1168 1193 1302 1268 eorpus,
1329 1163 1420 1268 quod
1438 1191 1509 1238 non
1533 1163 1571 1238 fit
1584 1191 1718 1251 aunam,
1743 1191 1804 1239 ea··

448 1275 525 1348 dem
554 1270 591 1344 fit
619 1269 816 1370 praeditum,
856 1291 952 1372 atque
978 1273 1057 1344 haec
1081 1265 1145 1372 ipsa
1165 1266 1356 1342 incertitudo
1376 1261 1526 1339 assertum
1549 1266 1626 1339 illud
1647 1265 1796 1360 deutoro

448 1372 503 1450 sed
523 1371 653 1472 quando
678 1371 880 1474 decarpere
905 1379 939 1444 in
963 1397 1084 1474 genere
1105 1369 1256 1472 quaestio
1269 1368 1333 1452 est,
1369 1366 1467 1440 talem
1487 1365 1704 1458 objedlionem
1726 1393 1801 1443 non

449 1470 661 1582 pertimesc03
698 1477 753 1573 qui
778 1479 867 1546 enim
889 1498 1007 1576 negare
1026 1471 1181 1567 voluerit,
1215 1466 1379 1546 essentiam
1396 1494 1572 1568 corponrm
1594 1475 1628 1542 in
1647 1475 1799 1570 impene-

450 1576 618 1650 trabilitare
637 1571 729 1646 litam
751 1569 832 1660 else,
864 1579 890 1648 is
910 1597 1026 1674 negare
1047 1573 1097 1645 vel
1117 1569 1227 1647 saltent
1242 1571 1385 1646 dubitare
1399 1568 1511 1656 debet,
1536 1591 1590 1643 aut
1602 1577 1714 1643 orsinia
1729 1595 1801 1644 cor·

451 1703 531 1781 pora
552 1671 615 1751 esse
635 1675 904 1775 impenetrabilia,
935 1694 996 1746 aut
1013 1671 1166 1760 vicisim,
1192 1665 1341 1775 quicquid
1358 1671 1393 1744 su
1405 1671 1665 1774 impenetrabile,
1690 1673 1721 1745 id
1735 1667 1800 1748 effe
1838 1755 1846 1762 ,

452 1803 582 1883 corpus.
654 1769 746 1861 Quae
770 1781 858 1849 enim
947 1779 1061 1874 prieiae
1084 1776 1236 1848 oartnibus
1256 1801 1299 1862 ‚ac
1328 1769 1403 1846 solis
1426 1774 1617 1872 corporibus
1636 1777 1801 1862 convenit,
1841 1849 1847 1854 ,

453 1885 534 1982 quin
554 1883 588 1951 in
607 1903 644 1950 ea
662 1902 839 1976 corporum
860 1903 877 1949 e
905 1883 988 1950 entia
1004 1874 1047 1949 fit
1066 1875 1306 1964 conslituenda,
1332 1899 1434 1947 nertio
1457 1873 1727 1974 Philosophorum
1742 1876 1804 1946 du.

454 1975 544 2054 bitat.
608 1981 719 2050 Priuso
737 1999 845 2051 astreas
864 1983 976 2050 omnia
996 2001 1133 2076 corpora
1152 1971 1216 2050 ell'e
1242 1974 1494 2076 impenetrabilia
1513 1973 1722 2049 certiffimom
1742 1975 1802 2061 eil,

371 2097 373 2100 ’
453 2079 587 2156 sienim
607 2078 823 2152 darenturres
842 2073 987 2151 extensae
1005 2102 1099 2177 atque
1123 2083 1219 2150 etiam
1242 2085 1352 2152 inertia
1374 2073 1549 2176 praeditae,
1587 2101 1668 2176 quiae
1686 2071 1806 2152 scilicet
1855 2167 1858 2172 Δ

453 2181 512 2258 srbi
533 2179 658 2254 relidlae
677 2179 726 2252 vel
746 2174 960 2277 quiescerent,
988 2177 1038 2250 vel
1060 2173 1266 2250 uniformiter
1282 2186 1315 2248 in
1335 2178 1491 2248 diredium
1509 2197 1731 2264 moveremur,
1757 2197 1804 2250 ta·

457 2307 536 2355 men
557 2277 891 2377 saimpcnetrabilitate
908 2299 1068 2358 carerent,
1098 2305 1200 2352 nemo
1219 2305 1270 2351 eas
1292 2284 1374 2351 inter
1396 2301 1531 2376 corpora
1549 2271 1624 2350 esset
1636 2279 1804 2366 relaturus,

457 2375 542 2456 hinc'
554 2377 618 2460 eil,
637 2375 737 2475 ·quod
758 2379 889 2450 utubroe
907 2399 939 2452 et
957 2375 1076 2477 spedira
1096 2404 1154 2480 per
1171 2384 1335 2452 machinas
1356 2384 1479 2478 opticas
1492 2374 1717 2480 repraesentata
1732 2407 1806 2456 non
1946 2425 1947 2430 κ

457 2505 520 2582 pro
539 2479 727 2580 corporibus
746 2479 932 2552 habeantur.
986 2480 1113 2553 Deinde
1132 2481 1283 2581 quicquid
1308 2479 1550 2578 impenetrabile
1571 2478 1634 2566 esi,
1670 2481 1703 2554 id
1723 2509 1806 2583 quo·

353 2613 359 2620 ¹
453 2603 521 2684 que
533 2577 700 2654 extensum
713 2601 746 2654 et
759 2585 869 2653 inertia
886 2579 1064 2680 praediturus
1082 2581 1117 2655 lit
1129 2578 1328 2670 neoeffeell3
1358 2578 1425 2653 stne
1438 2579 1623 2656 ertenhone
1635 2589 1723 2656 enim
1738 2585 1804 2660 iut-

458 2681 692 2784 penet'rabilitas
713 2685 840 2778 concipi
861 2687 990 2781 nequit,
1023 2704 1092 2756 uun
1113 2708 1192 2756 vero
1211 2710 1280 2755 non
1296 2682 1418 2756 mobile
1431 2679 1494 2755 else
1510 2708 1578 2755 uon
1592 2682 1713 2782 potess,
1746 2712 1806 2782 po·

458 2783 515 2858 sita
533 2804 642 2857 antem
664 2782 841 2854 mobilitate
859 2788 969 2856 inertia
988 2792 1127 2880 ponitur.
1177 2787 1303 2870 Quare,
1327 2783 1477 2884 quicquid
1493 2780 1539 2856 eil
1550 2785 1807 2888 impenetrabile,
1867 2823 1873 2834 ·
1945 2779 1946 2824 ³

458 2883 549 2960 nullo
570 2906 654 2960 certe
667 2879 752 2958 soret
764 2879 872 2972 caussa,
898 2909 957 2958 cur
968 2886 1000 2958 id
1012 2911 1081 2968 noo
1095 2911 1157 2990 pro
1169 2911 1307 2989 corpora
1321 2885 1490 3010 iubeatur:

902 3257 1355 3340 SCHOLION.

455 3490 457 3494 .
616 3417 699 3484 130.
724 3385 850 3467 Verum
864 3401 993 3494 gravior
1005 3419 1114 3470 contra
1130 3401 1212 3470 hanc
1227 3394 1415 3472 sententiam
1437 3401 1577 3492 objeslio
1591 3403 1715 3472 moveri
1733 3415 1810 3500 pot·

460 3491 523 3582 eli,
565 3493 645 3569 inde
665 3499 778 3595 petita,
821 3494 911 3598 quod
939 3499 1271 3596 irnpenetrahilitatem
1298 3502 1356 3598 pe'r
1380 3497 1411 3576 sc
1435 3491 1529 3576 nobis
1544 3507 1715 3602 percipere
1736 3525 1810 3572 nan

457 3596 569 3682 liceat,
602 3603 722 3770 quippe
748 3599 836 3688 cujus
863 3603 955 3669 notio
977 3594 1149 3672 necessario
1172 3599 1261 3700 plura
1282 3625 1417 3700 corpora
1438 3609 1470 3676 in
1488 3599 1520 3676 se
1538 3603 1683 3676 involuit.
1747 3606 1809 3676 ht·,

459 3701 619 3796 qoehinc
657 3697 736 3772 acile
756 3697 919 3784 concedo,
954 3697 1208 3782 definitionem,
1246 3727 1307 3800 qua
1329 3727 1446 3804 corpus
1466 3702 1622 3778 diceretur
1639 3699 1810 3775 snbllantia

407 3861 410 3866 .
457 3798 727 3894 impenetrabilis,
748 3799 886 3898 'regulis
913 3796 1159 3899 Philosophandi
1186 3827 1253 3874 non
1279 3799 1341 3876 effe
1366 3801 1594 3887 conformem,
1629 3831 1697 3876 non
1716 3801 1809 3906 quod

459 3893 588 3970 essentia
614 3900 699 3972 male
724 3905 757 3972 in
786 3901 1081 4001 impenetrabilitate
1107 3923 1263 3998 ponatur,
1296 3899 1349 3978 sed
1375 3909 1552 4005 qniahaec
1571 3904 1719 3978 definitio
1740 3901 1810 3976 line

459 3997 665 4073 antecedente
687 4005 821 4075 notione
841 4007 986 4100 corporis
1007 4001 1139 4102 intelligi
1162 4011 1282 4105 nequit.
1347 4010 1488 4082 sienim
1507 4027 1694 4108 quaeratur,
1730 4003 1811 4106 quid

458 4095 498 4170 fit
529 4095 696 4174 sobllantia
733 4101 1002 4202 impenetrabilisi
1055 4129 1093 4176 ae
1130 4101 1385 4206 respondeatur,
1441 4133 1575 4211 quac-a
1603 4109 1811 4207 corporibus,

299 4239 303 4250 ·
454 4201 524 4272 hoc
544 4199 607 4298 eli,
645 4203 715 4276 aliis
740 4198 917 4276 substantiis
941 4206 1235 4304 impenetrabilibus
1261 4217 1415 4306 penetrari
1435 4231 1592 4312 nequeat,
1636 4214 1812 4310 negotium
1941 4279 1942 4284 ,

459 4306 598 4378 suntne
622 4301 804 4382 conficitur.
871 4303 1109 4406 &squamus
1131 4311 1215 4384 hanc
1237 4313 1467 4411 proprietatem
1500 4307 1631 4388 nonnisi
1650 4336 1690 4388 ex
1713 4337 1812 4384 com·

1006 4435 1014 4446 .
1347 4425 1458 4434 .,
1719 4436 1812 4513 N*
