3898 4990
896 289 1316 390 PRAEFATIO.
1401 377 1412 389 .

431 519 473 588 et
485 496 670 588 mensura
686 494 905 610 celeritatis
918 461 1277 610 angularisprime
1294 493 1480 616 definivit
1501 515 1641 618 motus
1662 526 1786 618 gyra6

433 652 526 738 terii
540 677 565 734 a
579 644 701 734 nullis
716 647 873 735 viribus
886 644 1039 730 turbati
1052 645 1647 763 continuationeminvestigat
1662 653 1788 758 vites,

433 825 517 884 non
533 781 697 880 tantum
711 819 817 906 quas
836 795 930 880 axis
945 787 1117 900 sustinet,
1141 785 1206 878 seu
1224 819 1330 906 quae
1347 791 1530 880 adhiberi
1554 795 1720 906 debent,
1742 819 1788 884 ut

249 1047 253 1054 ¹
433 946 528 1031 axis
542 941 674 1051 insitu
693 937 762 1026 suo
779 935 1063 1048 conservetur,
1092 935 1159 1025 sed
1174 959 1216 1024 et
1230 966 1335 1054 quas
1356 943 1541 1056 corporis
1564 971 1790 1058 compages

310 1111 314 1122 ·
429 1088 614 1200 sustinet,
659 1107 702 1174 et
722 1087 871 1203 quibua
893 1108 1065 1174 mutnus
1087 1089 1271 1202 partium
1290 1115 1428 1179 nexus
1447 1085 1626 1174 resistere
1656 1089 1789 1180 debet.

349 1263 360 1282 '
433 1231 1821 1363 Posthaeccnaa.nucnorttranfitadeffeiiusviriumquarum-¹

409 1501 413 1506 Ι
435 1411 600 1500 cunque
616 1387 658 1470 in
672 1403 790 1470 motu
806 1385 915 1470 circa
931 1411 1060 1470 axem
1073 1382 1209 1470 fixum
1231 1378 1483 1496 generando.
1536 1383 1605 1470 Ac
1619 1384 1787 1500 quidem

430 1536 726 1650 =primo-motus
746 1551 909 1638 tantum
924 1533 1086 1617 initium
1098 1507 1425 1648 'contemplatum
1454 1533 1526 1647 qui
1546 1535 1712 1656 corpori
1734 1535 1787 1620 ri·
1939 1621 1940 1634 Ν

307 1739 310 1750 ·
435 1680 534 1797 gido
549 1683 659 1767 eirca
673 1706 801 1768 axem
822 1676 959 1766 fixum
980 1677 1123 1766 mobili
1148 1680 1356 1768 a‘viribus
1376 1680 1690 1796 quibuseunque
1710 1654 1827 1797 imssn
1939 1721 1940 1748 ι

434 1831 646 1948 primitur,
674 1824 1054 1943 quofaeiiiussolus
1068 1815 1407 1916 virinmeffetius
1430 1856 1458 1914 a
1476 1843 1595 1940 mutu
1615 1831 1702 1942 jam
1725 1832 1787 1916 in-

435 1975 509 2066 fito·
524 1975 731 2094 separatus
746 1971 1051 2090 perspidereuu,
1073 1973 1209 2091 adque
1224 1973 1319 2064 hinc
1333 1967 1613 2091 ad'sequentes
1628 1975 1789 2067 investi·

299 2167 304 2175 ·
435 2129 627 2244 gationes
650 2121 817 2210 subsidia
837 2123 924 2236 peti
948 2139 1124 2233 queunt,
1160 2121 1347 2236 quando,
1373 2119 1479 2206 dum
1499 2149 1652 2236 corpus
1675 2126 1787 2210 circa

436 2271 676 2386 quempiam
692 2295 819 2352 axem
833 2285 1017 2380 gyratur,
1035 2269 1144 2354 vires
1159 2263 1319 2376 adsunt,
1335 2265 1498 2354 idcirce
1514 2266 1640 2356 alium
1657 2299 1787 2360 axem

208 2393 211 2400 ⁵
341 2461 346 2470 ·
436 2433 683 2504 convertere
695 2413 920 2500 conantes:
937 2433 1027 2500 tum
1045 2414 1156 2500 enim
1171 2441 1230 2501 ex
1244 2412 1396 2502 effetiu
1407 2395 1788 2508 momentaneoeir·
1940 2529 1941 2536 Ν

163 2653 166 2660 ,
302 2625 303 2629 κ
388 2559 956 2678 ‘eahuncaxemprodutio
968 2559 1153 2676 judicare
1168 2559 1499 2678 licet,quomnd0
1513 2585 1654 2653 motus
1668 2577 1834 2682 prae‘

417 2683 590 2827 ,cedens
611 2711 811 2797 turbetur.
874 2709 1024 2838 Postea
1045 2735 1213 2826 quoque
1233 2738 1385 2826 corpus
1405 2713 1583 2828 rigidum
1603 2716 1645 2800 in
1665 2735 1785 2803 motu

438 2865 550 2950 cirea
565 2887 695 2948 axem
709 2857 843 2946 fixum
860 2857 1087 2944 considerat
1100 2856 1376 2968 et'serutatur,
1403 2862 1618 2975 quomodo
1631 2865 1666 2949 is
1681 2893 1706 2950 a
1720 2865 1784 2953 vi-

297 3069 301 3080 ·
435 3011 551 3106 ribus
564 3009 881 3124 quibuscunque
894 3009 1105 3094 immutari
1121 3005 1280 3096 debeat.
1297 2998 1300 3007 ’
1320 3004 1512 3124 Utraque
1527 3009 1783 3125 investigatio

435 3153 553 3244 simul
572 3127 790 3267 cenjuntia
810 3153 868 3242 est
888 3183 985 3241 curn
1006 3153 1350 3243 determinatione
1367 3159 1539 3264 virium,
1574 3184 1679 3273 quas
1702 3153 1783 3274 ipsa

436 3305 623 3420 eorporis
644 3273 909 3419 compagae,
939 3325 982 3388 et
1001 3323 1215 3418 praeterea
1235 3296 1378 3399 en‘rum
1401 3307 1639 3421 praecipue,
1671 3333 1781 3422 quae

354 3551 357 3556 ,
435 3455 531 3541 axis
541 3447 722 3561 sustinet,
749 3437 897 3565 quibus
918 3453 1057 3566 itaque
1078 3447 1281 3541 sustentari
1299 3449 1441 3562 debet,
1475 3453 1599 3541 ne‘de
1619 3453 1693 3540 stru
1712 3452 1782 3542 iun

434 3599 686 3696 deturbetur.
742 3597 865 3686 Haec
877 3595 1023 3684 ultima
1037 3597 1219 3712 quaestio
1234 3597 1288 3687 de
1301 3601 1472 3710 viribus,
1492 3631 1598 3720 quas
1611 3607 1707 3690 axis
1721 3600 1797 3690 su·-

434 3725 572 3858 stinet,
608 3745 744 3836 adhue
766 3749 905 3835 minus
926 3744 1098 3837 studiose
1119 3747 1178 3836 est
1198 3721 1383 3840 tretium.
1416 3743 1420 3746 ’
1442 3749 1588 3862 Quare
1608 3779 1706 3838 cum
1729 3779 1781 3838 ea

433 3896 610 3982 maximi
644 3894 692 3984 fit
712 3897 940 4004 momenti,
983 3895 1146 4010 hocque
1167 3925 1251 3982 non
1280 3894 1410 3991 solum
1438 3919 1485 3982 ut
1518 3895 1781 4013 inteiligatur,

434 4045 599 4156 quantis
619 4043 775 4131 viribus
793 4073 900 4160 opus
919 4043 985 4154 fit,
1028 4041 1083 4130 ad
1102 4071 1231 4132 axem
1256 4047 1299 4130 in
1319 4045 1394 4134 fltu
1415 4042 1484 4132 suo
1504 4045 1779 4156 retinendum,

391 4197 398 4206 ’
424 4187 497 4276 red
508 4187 745 4308 praesertim
764 4195 873 4284 utin
893 4213 1014 4282 motu
1035 4218 1258 4312 corporum
1281 4191 1508 4312 rigidarum
1527 4191 1658 4282 libero
1675 4195 1779 4308 diju-

727 4349 731 4362 '
838 4349 842 4359 '
1500 4345 1501 4352 ‘
1649 4342 1778 4430 dicari
