3898 4990
902 323 1318 420 PRAEFATIO.

346 635 353 648 ἱ
442 529 587 640 voluit,
600 531 657 616 ita
668 544 716 614 ut
728 509 788 613 ex
798 521 996 612 hasienus
1012 523 1143 612 allatis
1156 525 1253 612 nihil
1269 529 1310 611 in
1328 523 1542 616 subsidium
1556 535 1797 652 vocaverit,¹
1815 571 1824 584 ·

439 675 506 764 sed
521 707 604 762 non
619 677 689 762 nist
704 675 846 790 primis
862 671 1126 758 mechanicae
1141 678 1346 790 principiis
1360 697 1512 784 utatur,
1536 706 1620 792 quo
1636 677 1785 794 effecit,

438 841 486 910 ut
504 825 643 910 omnia
663 821 728 906 hie
752 813 938 907 evadant*
952 821 1139 906 maxime
1154 819 1375 936 perspicua,
1443 821 1593 909 Statim
1617 826 1788 948 quidem·

332 1018 339 1035 ·
436 969 518 1054 hoe
532 967 704 1054 faciliori
721 966 849 1052 modo
870 970 929 1053 uti
944 957 1131 1082 potuisset
1147 975 1535 1079 anRcAucsoa',
1552 970 1688 1085 sicque
1703 1003 1789 1059 non

436 1113 552 1203 leves
567 1113 826 1202 difficultates
837 1117 880 1198 in
893 1111 1088 1229 superiori
1103 1113 1343 1200 traslatione
1363 1138 1629 1204 occurrentes
1653 1123 1788 1207 evita·

436 1261 571 1350 visset:
591 1289 739 1351 verum
756 1265 797 1346 in
813 1283 1058 1378 argumento
1072 1245 1208 1348 adlluc
1220 1282 1308 1348 tam
1323 1288 1470 1377 parum
1487 1264 1660 1352 traslato
1675 1265 1790 1354 haud

437 1410 711 1524 incongruum
736 1430 845 1516 erat,
888 1405 1133 1496 methodum
1155 1411 1432 1523 operosiorem
1451 1432 1493 1495 et
1515 1409 1786 1526 prolixiorem

435 1559 719 1671 praemittere,
746 1584 830 1670 quo
849 1555 1026 1671 singulae
1047 1558 1237 1640 notiones
1259 1559 1302 1640 in
1323 1585 1368 1640 re
1388 1583 1493 1670 pene
1513 1585 1624 1646 nova
1644 1563 1785 1648 animo

434 1700 594 1790 firmius
623 1707 929 1817 imprimantur,
968 1699 1158 1818 ipsaeque
1180 1700 1457 1812 difficultateS,
1504 1705 1654 1817 quibus
1683 1706 1784 1793 haec

369 1891 373 1896 ·
434 1875 532 1966 pars
541 1849 809 1938 lllechanicae
824 1846 1037 1938 inovoluta
1050 1849 1283 1958 videbatur,
1295 1848 1539 1936 luculentius
1546 1849 1783 1967 perspician-

433 2013 515 2091 tur.
572 1993 737 2114 Insuper
749 1995 858 2084 haud
872 2025 1021 2114 parum
1034 1995 1210 2104 interest,
1225 1993 1334 2082 nosse
1349 2000 1472 2104 viam,
1496 2025 1580 2110 qua
1593 1998 1792 2084 inceden··
1882 2079 1887 2086 .

434 2163 500 2231 tes
522 2143 728 2232 Ausior'es
750 2137 878 2230 'novis
905 2143 1081 2228 Artibus
1110 2140 1337 2224 condendis
1360 2163 1430 2226 aut
1451 2139 1656 2249 insigniter
1683 2169 1781 2255 pro·

435 2287 656 2380 movendis
694 2313 867 2398 operam
901 2305 1136 2392 navarunt,
1184 2281 1279 2368 licet
1305 2281 1441 2396 postea
1471 2265 1782 2396 praestantiores

434 2432 621 2524 methodi
635 2431 703 2524 vel
718 2433 771 2520 ab
787 2433 879 2549 ipsis
894 2430 961 2520 vel
977 2432 1029 2518 ab
1044 2428 1131 2517 aliis
1147 2429 1402 2543 detegantur.
1459 2424 1791 2536 Mita'facilitate,

435 2609 487 2666 ac
500 2580 708 2670 evidentia
722 2581 827 2670 hanc
844 2607 1000 2687 novam
1019 2577 1260 2665 methodum
1276 2606 1333 2663 ex
1353 2579 1495 2686 primis
1514 2597 1557 2664 et
1577 2579 1631 2664 ab
1649 2585 1782 2670 omni·
1884 2585 1889 2590 ’

434 2728 515 2816 bus
531 2725 725 2816 concessis
740 2751 881 2838 motus
894 2728 1103 2842 principiis
1119 2725 1321 2812 derivavit
1339 2751 1444 2812 citu.
1459 2751 1688 2838 autnon,
1716 2753 1779 2818 at·

207 2933 216 2942 .
434 2901 518 2991 que
538 2877 593 2962 ob
615 2874 815 2964 suinmam
837 2871 1044 2994 solutionis
1065 2871 1427 2981 universalitatem,
1461 2875 1501 2958 in
1524 2873 1671 2960 eadem
1692 2877 1784 2986 jam,
1884 2876 1889 2884 ’

436 3025 577 3110 omnia
591 3026 871 3128 continentur,
907 3049 1016 3134 quae
1030 3017 1132 3136 Cap.
1148 3019 1223 3108 tx.
1241 3046 1283 3104 et
1299 3019 1355 3112 X.
1373 3045 1446 3133 per
1468 3019 1616 3109 multas
1638 3026 1781 3110 amba.

435 3196 509 3284 ges
524 3197 676 3284 magno
689 3169 830 3255 labore
844 3190 961 3254 erant
974 3165 1151 3288 evoluta.
1212 3165 1369 3282 Supra,
1402 3167 1502 3252 dum
1524 3195 1674 3282 corpus
1690 3175 1779 3284 qui-

436 3314 550 3426 escit,
578 3320 691 3424 axis,
723 3318 831 3402 circa
854 3343 979 3430 quem
1000 3315 1070 3429 ipfi
1093 3318 1203 3404 vires
1223 3317 1404 3426 primum
1427 3335 1587 3399 motum
1608 3339 1776 3428 gyrato·
1830 3337 1834 3373 ³

394 3459 396 3466 ’
433 3465 543 3550 rium
570 3467 842 3579 imprimunt,
899 3461 1166 3551 veliementer
1201 3457 1368 3574 operose
1406 3457 1779 3566 determinabatur3

333 3644 344 3656 ·
434 3609 507 3698 ista
522 3640 624 3700 vero
635 3610 924 3696 determinatio
938 3609 1061 3694 instar
1073 3603 1289 3694 Corollarii
1308 3633 1365 3692 ex
1386 3633 1496 3694 nova
1517 3609 1592 3694 hac
1613 3583 1776 3726 probless

415 3761 557 3844 matis
579 3755 775 3844 solutione
795 3755 931 3872 sponte
951 3753 1050 3843 lluit
1133 3730 1296 3840 Deinde
1315 3755 1440 3838 etiam
1470 3755 1534 3840 hic
1554 3754 1785 3870 planiffima¹

434 3901 558 4014 stunt,
606 3933 713 4019 quae
743 3905 795 3990 de
825 3904 1064 3993 variatione¹
1085 3923 1376 3988 momentanea
1399 3922 1537 3988 motus
1566 3910 1778 4016 gyratorii,

435 4045 536 4137 dum
551 4045 866 4166 corpusanullis
881 4045 1299 4140 viribussollicitatum
1313 4049 1421 4132 circa
1434 4077 1561 4134 axem
1571 4079 1654 4137 non
1668 4057 1780 4168 prin-

375 4173 391 4191 ’
419 4195 608 4326 ,εἱραὶεω
628 4225 817 4316 gyratur,
845 4201 1060 4317 pernimis
1081 4199 1271 4288 intricata
1289 4196 1501 4281 ratiocinia
1522 4197 1692 4288 tandem
1712 4205 1776 4288 in-

1648 4361 1776 4438 venta
