3890 4988
292 315 332 386 .·
393 311 397 314 ·
437 327 504 440 ,a
532 351 536 355 -
561 311 762 412 emur
791 303 863 406 ur.
897 294 1215 442 numurus
1233 293 1578 455 ¹ror-narona
1605 303 1697 454 aa,

918 497 1385 584 soso-rm.-

431 585 457 680 ι’
539 617 607 694 ilic
622 613 784 708 eiusmodi
801 615 881 685 viret
896 611 1193 708 invenirioponei,
1229 634 1313 708 quae
1328 611 1460 706 corpori
1480 575 1705 708 applicatas-id
1721 614 1796 710 qui.
1899 643 1901 652 ι

437 723 514 800 dem
528 722 562 794 in
576 718 765 819 aequilibrio
781 731 926 793 teneant,
953 701 1045 782 iintnl
1061 733 1139 782 vero
1153 735 1349 808 compagem
1366 713 1436 800 ,eins
1449 735 1549 808 aeque
1563 708 1720 794 afficiant,
1744 732 1795 784 at·

439 849 553 928 quera
575 828 608 894 in
629 817 846 922 produsiione
865 807 1141 886 motusafficitnr.
1192 811 1302 882 Primo
1320 835 1400 908 ergo
1418 831 1536 911 corpus
1557 801 1685 884 sullinet
1703 819 1796 898 vires,
1853 836 1857 848 ¹
1942 883 1943 926 q

440 929 556 1028 quibua
578 923 651 994 adin
671 916 870 1002 sollicitatur,
901 909 961 986 nbi
977 931 1038 986 eae·
1054 931 1177 1011 panea,
1217 911 1332 1011 quibua
1356 897 1496 1012 singulae
1517 909 1704 994 immediate
1723 908 1798 988 surtt

441 1027 616 1128 applicatae
635 1022 737 1122 probe
756 1035 909 1090 notentur
922 1033 950 1094 a*
972 1011 1235 1113 qnandoquidem
1255 1012 1426 1112 quaelibet·
1447 1019 1494 1088 vit
1519 1020 1648 1087 unicam
1669 1035 1798 1088 tantum

441 1132 588 1225 corporis
600 1121 787 1224 particulam
803 1137 905 1217 urget.
957 1113 1084 1188 Deinde
1096 1139 1135 1187 ex
1154 1137 1330 1188 momento
1351 1113 1656 1210 omniumiilar'um
1678 1121 1797 1190 virium

442 1229 637 1326 colligantur
653 1211 735 1295 vires
754 1221 986 1306 elementares,
1022 1241 1105 1318 quac
1126 1221 1158 1288 in
1177 1213 1317 1316 ,lingulis
1338 1213 1506 1288 elementia
1526 1243 1636 1316 parem
1664 1237 1796 1290 motum
1833 1243 1838 1248 ·

443 1334 653 1431 gignerenta
681 1349 718 1396 ac
738 1319 887 1420 ‘singuiis
914 1317 1082 1391 elementis
1117 1321 1165 1388 hia
1189 1317 1341 1416 aequales
1362 1337 1393 1389 ct
1415 1324 1591 1390 contrariae
1622 1317 1797 1418 applicatae
1826 1411 1828 1414 Ι

381 1451 385 1460 ·
444 1433 683 1528 concipiantur,
732 1445 872 1524 quarum
902 1417 979 1492 loco
998 1421 1053 1491 hic-
1081 1415 1157 1492 alias
1189 1415 1263 1517 ipsis
1285 1417 1517 1516 aequivalentes
1549 1437 1585 1492 nt
1610 1415 1701 1519 supra
1721 1415 1797 1494 sub·
1850 1507 1856 1516 ,

444 1528 573 1608 ilitucre
597 1551 669 1600 non
695 1524 794 1606 iicet,
827 1526 985 1622 qnoniam
1008 1519 1094 1592 bunc
1112 1515 1176 1620 ipsa
1197 1517 1358 1618 rigiditatis
1378 1525 1460 1606 ratio
1478 1525 1660 1618 exquiritur.
1710 1523 1800 1596 Ter-

366 1689 371 1696 .
421 1618 423 1628 ¹
447 1622 496 1706 tib
508 1626 693 1720 adjiciantur
705 1632 805 1708 vires,
829 1624 944 1724 quibus
958 1627 1022 1695 axis
1039 1622 1111 1692 adiu
1131 1627 1289 1720 inquiete
1309 1613 1464 1712 servatur3
1489 1641 1519 1692 at
1544 1615 1583 1694 ne
1603 1625 1636 1694 hi
1653 1643 1712 1696 ner
1726 1629 1802 1694 viri.

447 1756 507 1806 tt'ttt
522 1727 651 1804 ordines
664 1751 782 1826 corpus
795 1732 828 1798 in
836 1721 986 1822 ,perfecto
999 1722 1186 1822 aequilibrio
1198 1722 1426 1796 continebuntt
1445 1647 1603 1821 srntrllque
1616 1729 1649 1796 in
1663 1749 1805 1822 cotnpa·

446 1859 489 1936 ge
503 1837 639 1932 partium
654 1825 740 1902 idem
756 1827 850 1927 plane
862 1823 1024 1910 efficiunt,
1047 1821 1137 1923 qnod
1151 1845 1268 1922 corpus
1283 1828 1315 1896 in
1329 1842 1440 1898 motus
1453 1829 1660 1922 generatione
1672 1831 1802 1926 patitur,

448 1938 497 2012 Hi
558 1945 603 2004 'ne
623 1927 826 2030 intelligitur,
859 1953 960 2026 quam
981 1923 1082 1996 iirmo
1102 1949 1185 1998 nexu
1206 1921 1347 2022 singulae
1365 1930 1508 2025 corporis
1528 1925 1695 2024 particulae
1717 1933 1802 2002 inter

444 1961 658 2134 tesdllgatae
672 2025 735 2104 eise
747 2028 893 2112 debeant,
904 2047 939 2099 ut
951 2025 1037 2098 nulia
1052 2049 1162 2098 earum
1176 2024 1311 2098 divulsio
1326 2023 1363 2098 iit
1383 2023 1571 2116 metuenda:
1591 2045 1623 2097 et
1636 2025 1694 2098 nist
1708 2047 1804 2100 corn·

411 2129 414 2134 ’
445 2161 545 2240 peges
558 2139 607 2208 bis
620 2127 819 2228 viribussatia
830 2127 972 2203 restiiere
984 2129 1095 2214 valeat,
1110 2151 1226 2228 corpus
1239 2153 1308 2200 non
1320 2153 1381 2228 pro
1395 2125 1498 2229 rigido
1511 2121 1588 2202 esset
1601 2128 1809 2226 babendum,

932 2275 1323 2380 scuosxrou.

828 2371 837 2380 '
1687 2373 1696 2401 1

549 2439 637 2516 397.
662 2405 729 2491 Hic
749 2415 820 2514 plns
841 2413 976 2488 desinite
997 2441 1066 2488 non
1084 2409 1294 2514 suscipimus,
1334 2443 1433 2518 qnam
1455 2419 1578 2518 quintis
1598 2415 1715 2492 viribus
1737 2415 1803 2492 iin-
1826 2487 1834 2500 ,

473 2522 700 2622 nlae'corpotia
714 2519 884 2622 particulae
899 2513 1121 2606 sollicitentur,
1152 2543 1234 2620 quae
1252 2542 1305 2591 eas
1325 2545 1343 2589 a
1363 2545 1446 2591 nexu
1471 2545 1547 2592 cum
1567 2519 1621 2593 reli
1647 2527 1693 2600 uis
1710 2521 1801 2592 arei·
1867 2521 1870 2526 ’

448 2551 516 2701 sere
527 2621 703 2714 codsntur3
729 2617 903 2723 quomodo
917 2625 1005 2693 enim
1021 2618 1173 2691 lirnclma
1186 2627 1333 2719 corporis
1351 2623 1426 2694 huic
1438 2611 1567 2696 elicitur
1583 2548 1710 2715 reillln't,
1734 2623 1812 2694 hu·¹

448 2725 574 2822 josiaci
587 2749 657 2828 qun
669 2722 714 2798 eil
728 2725 903 2824 inquirere,
927 2742 1094 2822 propterca
1112 2720 1201 2822 qnod
1220 2725 1298 2796 hacc
1311 2729 1393 2796 ratio
1408 2723 1577 2823 rigiditatis
1592 2730 1705 2824 cuique
1724 2747 1802 2802 cora

348 2821 351 2826 ¹
448 2825 751 2932 ponrnrgeneriell
767 2824 943 2925 peculiaris,
988 2827 1143 2915 Ceterum
1158 2828 1190 2894 iu
1204 2827 1268 2898 hoc
1281 2829 1384 2923 capite
1396 2843 1523 2898 tontum
1536 2819 1646 2898 mdtrrs
1659 2830 1800 2910 initium,

448 2937 505 3034 qui
518 2935 647 3029 corpori
660 2926 764 3028 rigido
776 2934 856 3000 circa
875 2952 969 3000 axem
981 2925 1095 3014 ‚iirtnn
1110 2922 1230 2998 'mobili
1252 2953 1268 2998 a
1289 2925 1406 2998 viribus
1426 2921 1668 3028 quibuscunque
1685 2931 1803 3025 impri-

450 3039 573 3115 mitur,
591 3025 703 3103 ilmms
720 3027 948 3128 contemplati,
963 3055 1041 3128 qno
1055 3023 1178 3106 sacilina
1191 3023 1279 3100 solut
1295 3031 1409 3098 sirium
1432 3024 1565 3102 effeetus
1583 3055 1601 3100 a
1622 3047 1713 3102 motu
1730 3053 1802 3118 nm

448 3127 714 3229 inlitoscparatus
736 3127 971 3230 perspiceretur.
1025 3133 1188 3230 imprimit
1206 3153 1313 3201 atatem
1334 3132 1409 3202 irinc
1431 3129 1470 3204 ad
1489 3125 1654 3232 sequentes
1674 3127 1803 3223 invelli-

449 3227 742 3335 gationesl'ubsrdta
787 3252 929 3328 etqntnr,
964 3229 1114 3331 quande,
1153 3227 1233 3302 dum
1255 3255 1372 3334 corpus
1392 3238 1472 3306 circa
1492 3219 1680 3336 quempiam
1702 3257 1801 3305 axem

343 3333 345 3338 ’
447 3336 697 3436 g‘yratrrr„aires
710 3257 822 3404 adillnt
836 3331 868 3404 id
881 3339 961 3404 circa
975 3331 1081 3404 alium
1103 3357 1196 3404 axem
1208 3346 1400 3406 'convertere
1418 3359 1590 3437 conantes3
1615 3357 1685 3408 tnm
1706 3341 1803 3414 euim

339 3433 343 3460 ¹
447 3463 487 3511 cn
499 3432 615 3508 effedin
633 3454 866 3507 momentaneo
874 3427 959 3506 'circa
973 3437 1061 3506 bunc
1073 3458 1167 3507 axem
1185 3433 1343 3532 prodnt‘lo
1357 3435 1491 3526 ittdicare
1505 3438 1629 3523 licebit,
1651 3461 1802 3536 quomo-

385 3567 389 3578 ·
448 3539 493 3613 do
508 3559 616 3610 motus
629 3534 821 3636 praecedens
832 3535 999 3610 turbetur:
1034 3535 1132 3608 Nunc
1145 3541 1242 3634 igitur
1252 3559 1368 3636 corpus
1388 3539 1528 3639 rigidum
1547 3547 1581 3610 in
1602 3561 1695 3610 motu
1714 3543 1804 3611 circa

333 3655 338 3662 '
448 3664 543 3714 suern
558 3635 959 3724 flaumconfidentamns,
983 3657 1015 3710 et
1029 3633 1256 3720 scrutabimur,
1279 3642 1451 3740 quomodo
1465 3647 1490 3714 is
1502 3669 1518 3712 a
1532 3641 1803 3740 viribusqoibus-

450 3765 576 3840 cunque
598 3717 762 3816 immutari
782 3741 909 3823 debeat,
947 3735 1117 3839 poliqnatn
1137 3741 1200 3829 jani
1220 3738 1529 3830 dernonilratvimns,
1565 3747 1630 3832 ejus
1650 3764 1802 3838 suonam,
1901 3763 1907 3815 ζ

451 3839 596 3917 iinnllae
609 3837 748 3913 adeiseut
770 3837 850 3914 uires
868 3835 1087 3924 sollicitantes,
1126 3835 1333 3940 uniformem
1345 3837 1408 3916 eise
1426 3839 1582 3918 sutorum.
1634 3847 1803 3918 Praeterea

417 3987 421 3996 ·
452 3965 529 4013 reru
542 3947 637 4030 vires,
650 3967 727 4042 quat
739 3948 804 4015 axis
816 3947 993 4042 gyratiouis
1006 3948 1124 4015 interea
1139 3935 1279 4034 suilinet,
1293 3939 1424 4022 sollicite
1436 3969 1527 4022 erunt
1539 3943 1806 4049 perpendendae.

1364 4423 1370 4434 ’
1472 4418 1476 4426 ’
1551 4604 1559 4627 ¹
1618 4429 1804 4588 ⁸entur
