3898 4990
806 339 811 354 '
937 329 1358 470 PRAEFATIO.
1477 363 1482 369 '

474 541 554 632 bus
569 509 884 656 quibuscunque
900 529 1096 620 sollicitati
1112 533 1439 646 determinando,
1460 535 1701 630 solutionem
1715 542 1828 632 baud

414 803 418 810 .
475 691 639 802 exiguis
655 687 786 802 premi
798 679 1119 774 difficultatibus.
1167 683 1230 774 Ut
1243 688 1382 801 itaque
1401 685 1596 798 lectoren
1611 689 1829 782 clariorem

476 823 977 922 omniumelementorum
986 827 1224 917 solutionem
1236 807 1502 946 problematis
1510 815 1826 952 ingredientium

450 969 454 978 ¹
476 984 755 1096 coguitionem
767 975 1052 1093 consequatur,
1060 1005 1134 1094 per
1147 979 1300 1094 gradus
1315 983 1428 1098 quasr
1440 1013 1464 1068 a
1478 983 1636 1072 cafibus
1652 984 1830 1102 speciali·

476 1131 555 1218 b'us
570 1127 621 1214 ad
638 1125 927 1242 generaliora,¹
945 1128 998 1213 ab
1020 1123 1083 1210 his
1106 1126 1277 1214 demum
1297 1128 1351 1214 ad
1372 1127 1643 1220 universalem
1665 1133 1828 1249 proble-

476 1279 600 1366 matis
612 1271 908 1391 generaliffimo
925 1269 1034 1360 sensu
1051 1259 1240 1391 concepti
1255 1272 1717 1368 solutionem'adscendit
1734 1307 1828 1371 Au·

477 1451 623 1516 orori.
660 1421 787 1511 Caius
801 1424 1153 1536 motusgyratorii
1170 1422 1286 1510 liberi
1296 1421 1652 1539 srmpiicissimusis
1669 1429 1738 1538 est,
1757 1431 1829 1546 qui

475 1572 581 1689 Cap,
597 1569 709 1664 thl.
725 1567 964 1675 evolvitur,x
985 1597 1076 1684 quo
1098 1569 1293 1656 nimirum
1316 1577 1468 1688 corpus
1489 1575 1599 1660 circa
1621 1575 1829 1688 ejusmodi

474 1750 604 1814 axem
628 1719 766 1835 gyrari
787 1711 1036 1834 concipitur,
1077 1703 1304 1832 quinullas
1327 1721 1383 1808 ob
1405 1743 1565 1810 motum
1584 1725 1695 1812 vires
1722 1719 1828 1811 susti·

473 1889 556 1958 net
633 1860 850 1970 Vocantur
868 1893 974 1954 axes
997 1869 1184 1984 corporis
1204 1865 1335 1977 tiberi,
1390 1871 1462 1984 qui
1480 1868 1553 1956 ista
1578 1873 1825 1988 proprietate

408 2089 410 2093 .
475 2015 565 2108 iun't
579 2008 767 2134 praediti.
824 2011 872 2100 In
888 2012 1072 2130 quolibet
1088 2043 1264 2130 corpore
1278 2011 1409 2106 libero
1424 2036 1508 2104 tres
1523 2015 1661 2106 saltem
1677 2017 1840 2106 dautur·-

474 2153 581 2255 axeb
595 2163 820 2280 gyratiouis
837 2131 972 2268 liberi,
1002 2157 1172 2270 suntque
1185 2159 1247 2246 isti
1262 2187 1367 2246 axes
1381 2159 1507 2246 iidem
1521 2189 1618 2246 oum
1634 2160 1711 2248 illis
1731 2164 1826 2248 axi·
1918 2181 1933 2206 ·’

474 2313 553 2402 bus
570 2303 874 2428 principalibus,
889 2331 1069 2420 quorum
1085 2299 1265 2418 respectu
1279 2323 1540 2392 momentum
1553 2309 1724 2396 inertiae
1735 2335 1830 2396 cor·
1932 2391 1933 2398 Ν

420 2443 422 2448 ’
473 2461 587 2578 poris
600 2451 737 2546 estvel
752 2455 987 2542 maximum
1002 2449 1071 2542 vel
1085 2453 1314 2538 minimum.
1370 2449 1490 2542 Licet
1506 2451 1607 2542 alias
1621 2455 1708 2567 jam
1723 2484 1826 2544 con-

346 2689 353 2702 .
473 2585 640 2700 siderari
675 2603 751 2692 sint
789 2631 815 2707 a
851 2577 1121 2690 Mechuuicae
1157 2595 1438 2716 scriptoribus
1475 2600 1681 2716 ejusmodi
1720 2631 1826 2700 axes
1931 2671 1932 2678 Ν

445 2857 446 2862 p
473 2783 548 2873 per
563 2774 753 2842 centrum
774 2752 945 2838 inertiae
966 2743 1238 2855 transeuntes,
1268 2749 1379 2870 eima
1397 2772 1504 2862 quos
1527 2777 1679 2866 corpus
1699 2747 1827 2838 libere

407 2979 408 2984 Ν
470 2907 613 3022 gyrari
633 2899 765 3020 poffit·
783 2899 1021 2985 fruimirum
1033 2915 1249 2984 momenta
1261 2896 1413 2992 virium
1428 2897 1753 3013 centrifugarum
1767 2925 1827 2987 ex

474 3072 594 3140 motu
609 3051 820 3164 gyratorio
836 3065 1027 3134 natarum
1041 3039 1118 3132 sese
1132 3055 1280 3130 mutuo
1294 3041 1521 3148 destruant;
1548 3044 1850 3134 valderameo'
1929 3051 1930 3058 ‘

475 3197 638 3305 dubito,
666 3170 831 3282 auaute
852 3191 1132 3298 Euuuuuru,
1162 3191 1270 3278 banc
1281 3195 1575 3312 proprietatem
1601 3193 1828 3310 corporum
1928 3223 1929 3230 ¹

308 3323 315 3338 ⁰
396 3383 398 3387 ’
437 3341 744 3446 „universalem
759 3340 849 3440 effe,
877 3338 991 3455 quod
1006 3341 1047 3426 in
1061 3335 1246 3454 quolibet
1259 3351 1434 3464 corpore
1452 3355 1533 3428 tres
1548 3363 1661 3428 uerte
1675 3341 1826 3430 dentur
1927 3413 1928 3452 Ν

352 3569 353 3574 Ν
388 3561 391 3566 .
475 3519 580 3582 axes
593 3493 818 3608 gyrationis
836 3486 972 3597 liberi,
1005 3489 1097 3602 quis
1120 3465 1304 3600 unquam
1325 3489 1547 3598 invenerit,
1573 3487 1827 3584 fieunruu.
1854 3533 1859 3540 ·

478 3638 1088 3750 uuor-:Surruuuexeipiam
1109 3637 1181 3750 qui
1193 3623 1368 3722 eandem
1384 3638 1679 3751 proprietatem
1692 3641 1828 3726 omni·

455 3787 555 3878 ⁸bus
568 3789 811 3904 corporibus
825 3779 1130 3899 competentem
1143 3779 1437 3872 demonstravit
1451 3782 1826 3899 iu'Programmate

474 3933 545 4024 sub
559 3933 697 4023 titulo:
727 3931 923 4049 Specimrrr
942 3929 1130 4030 Tireorioe
1146 3927 1363 4038 turbinum,
1386 3927 1521 4018 Halae
1537 3931 1589 4018 A.
1613 3955 1823 4048 1755.pro

353 4147 363 4156 ·
476 4079 674 4198 mulgato.
737 4075 1107 4191 Quemadmodum
1128 4104 1231 4167 vero
1254 4079 1294 4164 in
1318 4081 1468 4192 quovis
1491 4105 1666 4194 corpore
1691 4081 1824 4193 rigido

389 4241 391 4248 ’
476 4251 667 4320 centrum
686 4229 854 4318 inertiae
867 4227 924 4318 est
945 4223 1144 4345 punctum
1165 4227 1352 4318 maxime
1377 4225 1666 4339 memorabile,
1704 4229 1824 4339 cujus
1923 4213 1924 4216 Ὺ

1629 4415 1635 4424 ·
1713 4399 1821 4464 ratio
