3898 4990
24 1881 27 2002 ¹

585 281 1012 400 eunomio„
1092 359 1095 368 ,
1187 344 1190 354 2

118 480 281 591 incedit,
303 477 507 568 fridioest
528 475 812 596 inseparabilis.
858 455 1003 592 Quare
1018 500 1066 568 ut
1085 481 1271 572 tradatio
1288 486 1341 580 de
1355 489 1466 602 ejus·
1609 453 1622 468 ‘

117 631 231 724 modi
245 632 428 716 motibus
441 658 494 716 eo
504 629 709 742 majorem
723 632 764 714 in
782 633 903 742 praxi
918 629 1068 715 habere
1083 629 1198 744 possit
1210 629 1346 741 usum,
1367 635 1461 722 ulti·

115 806 186 864 mo
208 777 303 864 loco
323 773 540 892 peculiaris
564 773 763 862 tradimus
784 776 835 862 de
856 800 972 864 motu
990 805 1216 893 corporum
1235 779 1463 893 rigidorum

114 924 338 1012 afridione
354 915 594 1040 perturbato
606 921 797 1010 adnexus
812 921 880 1010 est.
924 922 1465 1042 Explicataitaquafritiio·
1509 995 1512 1000 .

112 1075 174 1160 nis
191 1096 339 1158 natura
353 1075 393 1158 in
408 1100 573 1186 genere,
602 1093 644 1157 et
659 1045 786 1158 modo
801 1069 1086 1160 fridionemin
1108 1061 1312 1160 c'aloulum
1335 1076 1463 1160 intro·

110 1219 293 1308 ducendi
315 1222 542 1334 generatim
562 1219 754 1340 evoluto,
788 1219 1012 1335 perpendet
1027 1248 1358 1310 commoror
1372 1249 1462 1308 mo·

110 1387 177 1457 tus
194 1365 711 1484 graviumprogressivo'sa
725 1365 912 1453 fridiione
933 1368 1167 1483 impeditos,
1186 1391 1324 1456 motus
1341 1397 1461 1483 gyra·

109 1520 242 1607 torios
257 1543 479 1636 corporum
496 1518 688 1630 grauium
702 1519 813 1602 circa
827 1515 1461 1606 axemfixumafridioneretar·
1513 1630 1515 1636 ¹

108 1662 258 1770 datos,
305 1647 498 1778 quorsum
519 1649 724 1778 pertinent
747 1685 887 1751 motus
910 1646 1261 1780 pendulorum'ab
1282 1639 1476 1768 axiculiss
1551 1721 1555 1728 »

106 1811 376 1926 cylindrincis
390 1807 822 1932 suspensorummotus
836 1831 1049 1924 praeterea
1059 1816 1269 1901 turbinum
1283 1809 1476 1934 incuspi-⁸
1618 1808 1625 1824 ’
1740 1883 1744 1894 .

104 1957 211 2046 deni
225 1943 497 2044 desinentium
511 1954 627 2072 super
639 1953 762 2070 plano
777 1955 1237 2064 horizontoii,fridtionis
1247 1959 1382 2046 habita
1395 1959 1489 2046 ra·'
1583 2059 1605 2070 „
1677 2008 1683 2020 .

102 2110 244 2212 tione,
272 2133 322 2190 ao
336 2101 512 2218 denique
530 2101 901 2216 motus'globorum
915 2125 1104 2192 centrum
1119 2109 1290 2199 inertiae
1303 2109 1345 2190 in
1359 2101 1461 2220 ipso·

24 2249 25 2284 ¹
105 2281 200 2342 tum
216 2261 364 2338 'centro
378 2249 499 2336 fitum
512 2249 751 2336 habentium
765 2247 886 2364 super
896 2250 1019 2366 plano
1033 2251 1289 2344 horizontali.
1382 2261 1384 2264 ’

24 2315 28 2518 i

218 2397 345 2488 Haec
360 2419 496 2514 erant,
522 2426 633 2513 quae
647 2393 703 2482 de
716 2397 1034 2516 praestantissimi
1048 2399 1169 2513 hujus
1184 2403 1319 2516 open's
1335 2427 1478 2532 argus·

107 2569 252 2638 mento
265 2545 529 2664 praefationis
544 2544 637 2632 loco
652 2546 952 2662 praemittenda
966 2546 1043 2634 effe
1056 2543 1206 2665 putavi.
1221 2547 1290 2636 De
1303 2578 1356 2634 eo
1370 2552 1458 2664 quiz.

109 2697 199 2784 dem
213 2693 427 2816 persuasus
441 2693 540 2802 sum,
554 2689 666 2781 ΕΒ.
681 2696 807 2780 etiam
828 2695 987 2810 absque
1011 2695 1088 2781 hae
1102 2694 1378 2811 praeliminari
1396 2725 1460 2782 re·
1561 2811 1564 2818 1

26 2829 27 2833 ¹
108 2847 299 2932 oeofione
312 2845 366 2930 ab
379 2838 591 2932 Euromo
608 2839 717 2928 haud
730 2841 925 2956 vulgares
941 2841 1170 2957 expedaise
1184 2843 1459 2958 investigatio-

107 3023 184 3086 nes.
217 2989 364 3082 Nihilo
373 3013 515 3077 tamen
528 2985 655 3074 secius
664 2977 773 3074 haud
788 2992 1063 3103 incongruum
1076 2987 1314 3078 mihivisum
1327 2989 1456 3098 effide

107 3143 150 3228 iis
163 3141 368 3230 saitemio
383 3133 630 3226 antecedam
644 3135 797 3252 aliquid
811 3139 852 3222 in
867 3135 1051 3224 medium
1064 3137 1260 3253 proferre,
1292 3139 1456 3252 quaein

111 3287 181 3378 hoc
193 3317 327 3406 opere
341 3265 1142 3402 velprorsusnovasuot‚velnovasaltem
1160 3285 1356 3371 methodo
1377 3273 1454 3372 ert·
1565 3281 1570 3290 ’

112 3439 251 3552 posrta,
290 3455 333 3521 et
354 3425 504 3550 quibus
523 3431 685 3519 scientia
705 3429 945 3519 mechanica
964 3437 1140 3520 maximi
1163 3433 1358 3549 ponderis
1375 3461 1452 3518 au·
1570 3478 1575 3486 ,
1650 3465 1653 3474 ·
1693 3415 1698 3496 ἶ

112 3609 273 3698 gmenta
289 3581 479 3672 adsecuta
496 3579 553 3665 est
565 3577 773 3674 censenda.
819 3579 1107 3668 Machameum
1122 3609 1346 3696 corporum
1361 3583 1454 3694 rigi-

114 3733 255 3822 domm
272 3731 326 3818 ad
342 3753 504 3818 tautum
518 3726 777 3844 persedionis
791 3727 1016 3842 gradumin
1031 3723 1292 3816 honeratam
1305 3718 1453 3846 perduss

114 3885 171 3966 xit
183 3880 241 3968 lii.
253 3903 479 3985 aucron,
492 3899 539 3962 ut
552 3873 669 3990 plura
684 3875 895 3992 expediari
907 3905 990 3964 non
1000 3875 1157 3994 poiimt3
1173 3905 1249 3963 nec
1265 3877 1449 3966 debeant

115 4025 449 4141 Quomodunque
462 4029 571 4110 enim
593 4019 804 4138 problema
823 4022 875 4110 de
895 4047 1012 4112 motu
1033 4027 1218 4140 corporis
1239 4026 1354 4141 rigidi
1377 4025 1449 4110 de·
1588 4079 1593 4087 ,

116 4173 287 4262 finiendo
299 4167 960 4288 fueritcomplioatumiecundum
970 4173 1342 4290 principiastabilita
1351 4171 1451 4260 sem·
1564 4213 1569 4230 r

691 4343 693 4348 ’
853 4317 933 4434 d3
1260 4370 1267 4378 ‚
1376 4343 1451 4430 per
