3890 4988
117 311 124 318 ·
306 366 314 380 .
429 313 524 443 an
571 307 699 402 cau.
713 299 829 400 vm.
854 283 1083 392 nnuxu
1096 261 1706 392 ntunuoursnrnsno

455 680 461 692 ,
545 569 633 705 603s
656 607 724 678 Hic
741 625 824 704 ergo
840 495 1254 702 aliasqritocsbbuotculplalsi
1272 525 1346 672 ullu.
1359 563 1451 685 licet,
1482 596 1540 672 nili
1558 623 1641 700 quae
1662 597 1712 672 vel
1734 599 1793 700 ipli

445 728 557 786 centro
576 703 790 783 inertiacsmt
802 700 993 803 applicatae,
1017 700 1221 800 ael'quarum
1235 699 1428 778 diredioriet
1440 699 1794 804 reperianminplaoo

444 811 486 912 sd
498 835 592 886 artem
614 805 755 896 normali
767 823 799 880 et
812 828 869 906 per
881 823 1029 882 sennam
1042 807 1174 882 inertiae
1187 801 1295 877 dailo.
1320 842 1324 866 ι

914 1007 1256 1090 cottone.
1296 1007 1327 1084 a}

547 1144 633 1228 604.
657 1119 864 1236 Huiusmodi
874 1141 970 1237 igitar
990 1135 1111 1222 uiribus¹
1126 1129 1542 1238 vcl‘motusprogreffivua
1562 1131 1716 1218 afficitur,
1743 1129 1791 1205 vel
1822 1127 1828 1134 ’

259 1247 262 1254 “
400 1272 408 1297 2
450 1242 462 1250 “
528 1233 647 1324 torius,¹
679 1243 899 1342 velaretque,
923 1233 1174 1330 sedtamenim,
1200 1231 1793 1340 utaxisgyrationispcrpetuosrturn

261 1343 265 1354 '
445 1265 526 1423 {lun
517 1340 705 1445 parallelum
723 1339 761 1418 fit
779 1335 1031 1422 conservaturus.
1820 1361 1823 1370 ·

917 1541 1328 1624 scnosrou.
1437 1499 1452 1518 ’

548 1665 633 1770 665.
660 1675 715 1746 En
734 1695 814 1774 ergo
832 1673 931 1759 vires,
962 1669 1002 1770 ad
1015 1679 1098 1773 fquas
1125 1671 1234 1746 nollra
1254 1669 1399 1774 praesens
1420 1673 1564 1750 tertiatio
1582 1627 1796 1772 ldllringiturJ

446 1799 583 1880 quarum
604 1771 758 1852 effetum
780 1779 814 1846 iu
828 1793 921 1846 motu
934 1780 1081 1874 corporis
1094 1779 1200 1848 mixto
1211 1776 1367 1860 mutando
1381 1803 1420 1852 ex
1436 1779 1597 1880 principiis
1609 1772 1722 1846 adhuc
1740 1769 1796 1862 slo-

445 1879 541 1952 bilitis
560 1876 694 1951 definire
713 1873 837 1951 licebit:
870 1871 918 1947 de'
930 1875 999 1948 aliis
1016 1895 1125 1950 autem
1146 1877 1262 1951 viribus
1282 1879 1543 1980 quibuscunque,
1569 1871 1627 1980 nili
1643 1869 1797 1974 sortepet

317 1977 321 1984 ’
376 2039 380 2046 .
445 1977 712 2080 aequivalentium
731 1973 772 2049 ad
791 1973 868 2049 tales
886 1973 993 2049 reduci
1012 1997 1149 2078 queant,
1174 1995 1297 2052 certum
1317 1978 1381 2063 eil,
1406 1981 1446 2052 ab
1459 1985 1497 2053 iis
1511 1998 1603 2050 auem
1618 1979 1797 2074 gyrationis

446 2077 488 2156 de
511 2079 567 2154 litu
589 2075 648 2153 suo
667 2077 846 2164 deturbari,
871 2095 1065 2176 motumque
1079 2079 1118 2150 ad
1132 2075 1218 2152 aliud
1233 2105 1335 2179 genus
1349 2079 1485 2168 mduci,
1512 2075 1601 2180 quod
1616 2084 1797 2149 etiamnum

445 2181 598 2256 evolvere
618 2175 861 2253 non-valemus.
920 2177 1112 2270 Cujrrsruodi
1130 2198 1238 2252 autern
1260 2176 1412 2254 effessum
1435 2189 1520 2256 vires
1538 2175 1709 2278 assignatae
1724 2201 1798 2278 pro·

408 2275 580 2372 fiducant,
611 2279 711 2352 tribus
731 2277 984 2376 problematibus
1003 2277 1281 2377 investigabimus,
1313 2309 1455 2384 quorum
1494 2287 1579 2355 rimo
1594 2285 1628 2352 in
1641 2273 1797 2356 effectum

444 2403 559 2456 carum
581 2385 699 2454 virium
719 2383 938 2478 inquiremus,
1001 2403 1114 2452 uarum
1133 2377 1324 2456 directiones
1344 2410 1402 2483 per
1421 2312 1526 2486 iplsm
1544 2399 1692 2455 centrum
1713 2387 1798 2454 iuer·

445 2485 508 2555 tiae
528 2484 674 2580 corporis
697 2476 878 2553 transeunts
919 2483 952 2550 in
970 2404 1113 2553 sbcuudo
1134 2479 1266 2554 alteram
1292 2483 1576 2586 virium'speciem
1596 2481 1794 2581 contempla·-

446 2581 575 2665 bimut,
605 2605 744 2682 quarum
764 2579 955 2654 directiones
975 2577 1048 2654 srtae
1061 2576 1180 2654 suntin
1193 2582 1309 2682 plano,
1334 2586 1423 2685 quod
1435 2585 1475 2660 ad
1489 2609 1583 2661 axem
1598 2588 1631 2656 in
1644 2577 1796 2682 ipsocen·

445 2703 497 2771 tro
515 2687 646 2760 inertiae
665 2680 711 2758 cst
731 2681 889 2756 normale.
949 2683 987 2757 ln
1009 2687 1103 2756 tertio
1123 2681 1261 2784 denique
1283 2679 1436 2760 effeslum
1457 2715 1475 2760 a
1495 2685 1611 2761 uiribrrs
1632 2689 1798 2786 utriusque

444 2781 579 2885 speciei,
615 2781 712 2858 simul
742 2779 982 2858 sollicitantibus
1008 2781 1183 2856 oriundum
1203 2783 1442 2887 invelligcmus.
1508 2791 1667 2886 Perpetuo
1685 2806 1797 2858 autem

445 2892 575 2987 corpori
597 2891 689 2958 initio
707 2883 867 2974 eiusmodi
887 2907 1018 2960 motum
1036 2889 1176 2959 mixtum
1196 2890 1342 2990 imprimi
1361 2886 1570 2977 affirmimus,
1604 2905 1641 2960 ut
1665 2905 1798 2988 gyrato·

445 2993 513 3063 rius
527 2985 585 3063 liat
598 2991 680 3063 circa
698 3011 792 3064 axem
806 2986 1018 3092 principalem
1033 2991 1188 3088 corporis.

841 3172 1403 3266 aroannam,
1508 3242 1510 3247 ,

457 3299 466 3412 J
550 3315 638 3387 606.
663 3313 696 3386 Si
714 3313 841 3412 corpori
862 3309 967 3410 rigido
984 3315 1078 3386 initio
1098 3305 1266 3410 impressus
1286 3308 1381 3386 srterit
1394 3331 1507 3388 motus
1520 3321 1704 3420 quicunqne
1718 3315 1800 3395 nixi

446 3431 498 3488 tus
520 3439 559 3488 ex
580 3411 777 3514 progreffivo
799 3431 831 3486 ct
855 3417 1022 3512 gyratorio
1047 3418 1128 3486 circa
1151 3437 1247 3490 axern
1267 3413 1495 3513 principalem,
1532 3417 1630 3519 idque
1648 3419 1800 3521 deinceps

446 3506 633 3590 sollicitetur
650 3541 667 3591 a
687 3513 804 3587 uiribus
823 3513 1087 3616 quibuscunque,
1116 3538 1252 3614 quarum
1276 3511 1383 3588 media
1397 3513 1531 3590 dircllio
1546 3521 1728 3604 coullautet
1738 3545 1801 3624 pet

356 3635 359 3640 ·
446 3619 515 3714 ejus
534 3637 682 3694 centrum
703 3619 832 3692 inertiae
853 3612 1005 3704 transeat,
1034 3614 1247 3690 determinare
1261 3622 1407 3718 corporis
1420 3637 1567 3708 motum.

463 3891 466 3902 ,
870 3817 876 3824 '
937 3819 964 3890 S
992 3817 1026 3891 0
1050 3815 1086 3889 L
1114 3817 1157 3893 U
1180 3817 1263 3894 TI
1285 3817 1331 3894 0.
1474 3811 1477 3818 ’

553 3919 637 4040 Qut«
655 3957 772 4030 virium
792 3951 1029 4030 sollicitantium
1050 3953 1157 4030 nacon
1175 3901 1313 4030 direslio
1327 3976 1485 4058 perpetuo
1497 3964 1634 4062 parcius
1646 3945 1798 4038 centrum
1911 4015 1914 4020 -

289 4045 296 4054 “
450 4047 584 4124 inertiae
602 4053 727 4141 transit,
758 4075 869 4132 motos
886 4061 1068 4157 gyratorius
1086 4055 1210 4130 nullam
1231 4057 1309 4131 inde
1328 4067 1544 4136 usurationena
1562 4069 1714 4162 patietur,
1743 4061 1800 4140 sed
1871 4073 1878 4082 '

448 4145 655 4240 uniformiter
673 4162 782 4258 peragi
803 4179 929 4258 perget,
956 4155 1048 4258 quali
1071 4163 1137 4230 axis
1153 4154 1346 4258 quiesceret,
1367 4159 1454 4234 urrdc
1466 4163 1654 4266 adquodvia
1668 4185 1801 4266 ternpus

448 4245 604 4368 facillime
621 4257 759 4355 patebit,
791 4278 928 4358 quantus
946 4257 1086 4360 cingulus
1103 4263 1168 4350 iam
1186 4265 1267 4332 ciros
1286 4283 1382 4334 axem
1402 4287 1504 4338 mom
1517 4273 1686 4368 gyratorio
1700 4263 1800 4342 suerit

449 4345 634 4457 tlclctiptuc
690 4359 781 4464 Tota
803 4385 882 4464 orgo
901 4359 1047 4468 quasillo
1062 4359 1226 4468 reduntur
1241 4360 1283 4439 aad
1305 4383 1437 4466 motum
1454 4365 1709 4472 progressurus,
1737 4373 1798 4470 qui

505 4511 511 4520 .
1046 4498 1053 4511 ν
1757 4485 1799 4542 01
