3898 4990
125 299 248 398 ,ou
258 293 686 448 causisrrorus
697 215 1010 428 urrunnu
1019 261 1397 430 munimime,
1412 263 1481 424 '47
1581 403 1584 416 ἱ
1629 329 1637 338 -

135 497 291 592 ejusmodi
308 497 420 570 locum
441 501 609 596 pertingit,
647 500 701 570 uhi
715 481 819 574 revefa
841 521 910 599 pars
931 493 1060 600 argillae
1081 501 1207 604 exiliat3
1251 501 1300 576 sed
1320 511 1499 602 quiajam

132 601 249 700 globus
270 600 381 670 locum
404 600 557 696 o'ct'upat,
587 620 659 672 ante
679 603 717 670 ab
737 603 844 700 argilla
868 626 1080 699 occupatum,
1107 630 1168 673 vox
1184 609 1410 702 p'en'etrationis
1425 605 1479 680 ad·
1509 626 1513 634 '

132 701 266 774 hibetur.
326 701 391 770 Hic
410 719 519 771 autem
545 719 669 772 tantum
689 729 871 800 negamus„
905 730 1023 800 corpus
1044 703 1153 774 locum
1174 711 1360 804 quernpiam
1383 734 1478 778 occu·

131 827 204 900 pare
224 795 333 900 poffe,
363 805 418 900 qui
440 798 533 870 limul
552 803 591 872 ab
609 801 672 876 alio
685 827 877 902 occupetur,
906 829 973 875 non
986 811 1041 906 qui
1058 827 1129 888 ante
1142 806 1257 876 abalio
1272 803 1478 887 fiterittocca-

131 921 233 1000 patus.
286 901 390 974 Simili
406 899 524 995 modo,
550 903 680 1001 quando
694 931 773 1006 aqua
790 905 957 1006 spongiam
974 929 1135 1003 penetrate
1149 905 1287 991 dicitur,
1311 933 1392 1005 aqua
1408 929 1479 978 tau-

130 1023 198 1074 tum
222 1001 383 1075 iuterllitia
405 997 456 1074 seu
477 1022 575 1100 potos
593 1001 746 1102 spongiae
766 1006 897 1108 replet,
915 1014 970 1104 qui
984 1034 1060 1078 cum
1079 1027 1180 1078 antea
1199 995 1477 1096 sublla'ntialpmta

130 1110 199 1204 giae
216 1130 284 1176 nou
308 1101 594 1202 distinguerentur,
609 1174 613 1182 ,
627 1103 689 1206 ipsa
706 1104 837 1206 spongia
856 1129 1014 1205 penetrata
1030 1107 1166 1202 uidetur,
1190 1106 1241 1180 sed
1256 1135 1289 1180 re
1302 1097 1476 1182 acctttatim

130 1209 314 1278 exatniuata'
333 1203 622 1302 deprehendimus,
663 1205 820 1307 uniquam
848 1209 897 1278 vel
917 1215 1088 1278 minimam
1114 1205 1265 1308 spongiae
1287 1210 1474 1308 particulam

130 1303 279 1389 exiliere,
312 1306 365 1377 ubi
385 1304 479 1378 stntul
500 1331 621 1406 aequae
641 1309 789 1405 particula
811 1307 928 1382 exiliat.
954 1377 959 1395 ,
991 1312 1118 1381 Eodem
1141 1307 1242 1380 modu
1264 1335 1313 1382 tes
1335 1306 1475 1404 sehabet

16 1465 18 1496 ,
129 1405 161 1478 ih
181 1407 388 1504 corporibus,
420 1403 552 1506 quaese
575 1413 738 1482 iu'mimrs
757 1405 892 1506 spatium
913 1417 1088 1510 comprimi
1105 1417 1281 1507 patiuntur,
1307 1435 1475 1510 nunquam

129 1512 216 1580 enim
232 1508 311 1580 duae
326 1508 494 1606 particulae
507 1511 541 1578 in
554 1509 694 1582 eundem
707 1510 818 1582 locum
832 1513 1035 1610 redigamur,
1067 1507 1119 1584 sed
1135 1511 1296 1596 intetvalla
1311 1518 1392 1583 ime'r
1404 1536 1475 1610 pat·

89 1689 92 1696 ¹
127 1609 236 1682 ticulas
255 1610 471 1688 coatdlanrur,
502 1634 539 1679 ea
559 1617 690 1691 materia
704 1611 805 1690 adeo,
830 1640 891 1711 qua
905 1635 977 1684 ante
991 1612 1220 1710 implebantur,
1247 1610 1483 1708 indeexpnlla,

126 1711 190 1782 llis
210 1715 307 1808 igitur
328 1711 430 1806 probe
451 1708 612 1806 perpensas
634 1711 914 1786 nnllnmdubnnn
937 1712 1141 1812 relinquitur,
1170 1719 1249 1813 quin
1264 1739 1397 1812 corpora
1413 1711 1475 1786 lint

122 1809 395 1908 impenetrabilia,
426 1805 500 1893 seu,
529 1805 611 1907 liniti
626 1819 766 1886 omniuo
785 1812 858 1885 fieti
871 1835 1027 1912 nequeat,
1050 1832 1084 1884 ut
1098 1811 1164 1887 duo
1178 1839 1316 1916 corpora
1328 1811 1422 1890 fitrtul
1437 1818 1487 1886 iu*

16 1985 17 2020 ,
121 1911 244 1985 eodem
259 1909 490 1984 locoexiilant.
560 1969 566 1982 .
1474 1941 1477 1946 ·

534 2181 1000 2262 EXPLJCATIO
1037 2163 1099 2265 2.‘

228 2327 312 2406 128.
335 2317 408 2392 idea
428 2325 524 2422 igitur
543 2323 844 2422 impenetrabilitatis
860 2331 970 2397 nititur
985 2323 1053 2396 idea
1071 2323 1145 2403 loci,
1172 2317 1237 2396 line
1252 2347 1312 2418 qua
1327 2319 1469 2396 omnino
1548 2331 1570 2372 '¹

122 2418 292 2498 consistere
310 2426 430 2521 nequit.
487 2425 519 2494 Si
537 2429 626 2496 enim
648 2425 738 2496 locui
764 2424 843 2496 nihil
865 2421 939 2497 ellet
957 2425 1173 2522 acorporib'us
1187 2419 1363 2510 diuersum,
1389 2420 1468 2522 quid
1536 2454 1541 2462 ·

16 2547 18 2612 j
123 2521 196 2600 esset
216 2521 515 2620 impenetrabilior,
554 2523 644 2612 nullo
659 2525 762 2597 modo
785 2525 917 2624 intelligi
934 2521 1046 2624 poll'et.
1098 2527 1220 2595 Dicunt
1230 2525 1367 2623 “quidem
1392 2513 1465 2595 Phi·

17 2623 18 2694 j
122 2622 266 2722 losuphi,
298 2630 351 2721 qui
373 2621 780 2726 loci'realitatemnegam,
812 2635 948 2724 corpote
970 2619 1142 2697 necessario
1163 2621 1296 2696 extrase
1317 2624 1475 2714 exilletet·
1547 2683 1551 2694 ,
1651 2707 1655 2714 ,

17 2723 18 2786 l
123 2721 173 2796 led
190 2725 268 2823 quid
287 2722 324 2796 stt
345 2739 438 2796 extra
456 2726 506 2798 vel
519 2731 627 2809 intra,
659 2725 680 2798 st
702 2727 790 2798 locus
806 2726 871 2798 line
886 2727 1075 2822 corporibus
1088 2725 1166 2819 nihil
1182 2723 1234 2806 lit,
1261 2731 1397 2808 minime
1411 2723 1468 2796 de.-
1548 2765 1552 2776 »
1641 2773 1644 2782 ‚

17 2875 19 2910 ,
122 2823 250 2900 finiunt.
272 2841 279 2850 ’
318 2830 408 2929 Qae
430 2822 520 2926 supra
543 2827 582 2899 de
602 2833 706 2926 quiete
726 2848 756 2900 et
778 2849 871 2900 motu
894 2825 1039 2902 absoluto
1060 2823 1128 2898 sunt
1149 2823 1309 2923 expolita,
1336 2826 1467 2900 abunde

121 2909 290 3012 evincunt',
321 2923 445 3002 locutu,
458 2953 526 3000 tion
547 2923 608 3001 elle
632 2954 760 3000 merum
782 2934 900 3000 mentis
921 2949 1133 3026 conceptum,
1159 2947 1189 2998 et
1203 2953 1290 2999 nunc
1304 2951 1342 2998 ex
1357 2934 1466 3024 impe·
1530 2922 1542 2954 ”

17 3023 18 3100 l
121 3027 328 3102 netrabilitate
340 3028 516 3102 luculenter
528 3027 747 3130 perspicimus,
764 3027 877 3103 ,ideam
892 3029 954 3102 loci
969 3027 1039 3124 plus
1059 3033 1091 3098 in
1106 3022 1135 3099 se
1148 3027 1321 3126 compledli
1330 3057 1340 3115 3
1365 3039 1483 3128 ipram·

17 3163 18 3218 4
119 3127 219 3203 solam
240 3155 414 3226 corporum
436 3131 624 3204 relationem
648 3153 814 3210 tmrtuam,
839 3137 885 3204 ita
897 3151 932 3202 ut
949 3127 1078 3202 sublatis
1091 3129 1276 3226 corporibus
1290 3135 1386 3201 etiam
1400 3131 1466 3216 loto

17 3277 18 3284 κ
119 3231 226 3304 nullus
245 3230 337 3301 locus
358 3231 595 3332 relinqueretur.
652 3232 716 3320 Ell
728 3259 807 3334 ergo
825 3231 921 3308 ¹lucus
937 3228 1055 3328 aliquid
1070 3257 1086 3300 a
1103 3231 1290 3328 corporibus
1304 3257 1371 3302 non
1387 3256 1465 3328 pen·
1496 3227 1504 3244 ⁸

118 3329 216 3414 dens,
248 3357 352 3430 neque
373 3357 481 3405 metus
502 3337 616 3406 mentis
637 3356 829 3436 conceptus;
860 3329 936 3431 quid
958 3353 1066 3402 autem
1081 3351 1165 3402 extra
1180 3352 1325 3404 mentem
1342 3333 1466 3420 realita-
1490 3329 1493 3337 '

17 3455 18 3458 ’
119 3425 301 3516 ῐὶεἸιεδεπῐ,
326 3433 459 3506 delinire
473 3462 540 3505 non
561 3433 681 3519 ausam,
713 3433 835 3512 etiamli
850 3439 881 3506 in
896 3461 936 3506 eo
951 3433 1089 3531 aliquam
1105 3429 1465 3532 realitatemagnolcete

116 3533 301 3610 debeamus.
368 3536 507 3618 Quando
530 3540 636 3608 aulem
661 3531 845 3634 Philosophi
869 3561 986 3624 omnes
1008 3533 1160 3604 realitates
1181 3540 1213 3604 iu
1235 3555 1334 3606 certas
1354 3529 1486 3612 classes*¹

117 3634 322 3722 dilltihtmnt,
354 3657 447 3734 atque
469 3627 650 3733 perhibent,
683 3635 864 3714 adtmllam
886 3627 1365 3732 eatmnlocumtefetripolse3
1391 3648 1485 3704 ma·'
1552 3649 1556 3657 ‘

118 3739 173 3808 lim
194 3738 338 3818 eredere,
370 3742 426 3808 has
445 3733 552 3810 'claffes
573 3740 612 3809 ab
631 3744 668 3810 iit
685 3763 851 3838 perperam
867 3733 930 3810 effe
944 3727 1146 3827 conilitutas,
1170 3759 1246 3805 cnm
1263 3759 1368 3829 resen
1381 3731 1463 3808 rese·

18 3833 19 3916 J
118 3837 229 3912 tendat
249 3865 320 3910 non
341 3833 408 3910 satis
428 3834 661 3938 cognovissent.
718 3839 823 3912 Simili
838 3837 1032 3912 moderatio
1050 3833 1465 3933 temporirellcomparata,

119 3945 237 4041 inquo
255 3939 335 4012 nihil
356 3939 439 4014 reale
459 3935 556 4012 inell'e
577 3961 766 4036 autumant,
797 3967 872 4013 cum
893 3939 1007 4010 tamen
1022 3935 1154 4010 vocibus
1168 3951 1241 4008 unte
1253 3958 1284 4010 et
1291 3938 1362 4031 post
1376 3936 1462 4010 haud

18 4125 19 4136 ἵ
118 4067 228 4141 parum
252 4039 398 4114 realitatis
420 4041 571 4118 tribuunt.
632 4039 922 4134 Quemadmodum
949 4063 1029 4138 ergo
1052 4063 1123 4110 vera
1145 4037 1213 4110 idea
1235 4037 1296 4111 loci
1320 4061 1351 4112 et
1370 4033 1461 4135 spatii
1565 4057 1568 4062 ’

18 4165 20 4200 ¹
117 4144 184 4242 plus
203 4149 238 4216 io
263 4139 296 4215 se
313 4148 474 4228 eontinet,
507 4153 604 4243 quam
624 4139 773 4214 ordinem
796 4139 1058 4220 coexillemium,
1091 4145 1131 4209 ita
1152 4165 1281 4242 quoque
1298 4165 1370 4212 tera
1390 4142 1462 4212 idea

18 4253 19 4332 l
118 4252 271 4346 temporis
290 4243 418 4345 plut-in
437 4242 469 4317 le
488 4249 631 4318 continet
645 4269 744 4343 quam
759 4240 906 4316 ordinem
922 4236 1183 4332 suecellivomm3
1217 4243 1363 4344 quamvis
1381 4265 1461 4311 cou-
1509 4307 1512 4312 .

18 4337 20 4416 l
117 4343 287 4436 efferim,
305 4351 427 4451 primm
451 4350 566 4450 butum
586 4353 696 4452 terum
710 4340 796 4418 ideas
809 4347 903 4419 nobit
916 4339 1066 4456 indelelle
1079 4359 1178 4424 natael
1316 4435 1445 4514 SCHO
1529 4385 1535 4392 -

246 4605 266 4632 Ο
288 4611 291 4619 ’
374 4599 382 4628 Ι
473 4593 478 4602 ”
