3898 4990
400 191 689 362 μ’*
962 157 1350 382 caroru-

432 431 673 540 bereneqttee't.
695 493 700 512 ,
727 427 959 508 Confitetur
971 455 1053 533 ergo
1071 427 1258 522 huiuamodi
1280 428 1438 530 prnrdlum
1454 451 1668 531 corporeum,
1686 430 1784 532 'qnafi
1846 487 1851 496 .

432 535 540 619 solum
561 535 721 622 existeret,
752 561 789 608 aa
808 533 976 606 limatum
988 557 1216 633 quemcunque
1228 539 1402 632 acceperit,
1433 537 1473 602 ita
1490 552 1524 604 nt
1536 532 1605 609 daea
1622 533 1784 615 eeleritate
1941 573 1942 576 ¹

432 634 610 718 secumdum
628 635 737 732 datam
754 632 967 710 diredllonem
985 638 1110 708 moveri
1133 637 1303 731 inceperit:
1336 653 1434 733 atque
1452 636 1518 706 hoe
1537 636 1714 732 pendium,
1749 641 1783 710 ri
1858 679 1866 684 -

432 737 521 812 illins
540 743 726 823 axiormtis,
759 755 917 837 perpetuo
930 755 1002 834 tam
1022 731 1160 836 eandem
1179 732 1393 816 celeritatem,
1424 761 1522 834 quam
1545 735 1681 818 eandem
1698 735 1789 810 tl’xc«

363 867 365 874 ·
433 834 577 912 dionem
599 833 806 914 conservabit.
857 834 957 921 Quod
976 861 1053 910 etim
1069 832 1106 906 lit
1126 841 1359 933 proaxiomate
1374 855 1560 941 receptum,
1582 833 1784 910 denronslra.

433 945 607 1014 rioueoon
620 936 759 1034 indiget3
789 943 917 1012 interim
938 957 1047 1010 tamen
1059 940 1139 1006 ratio
1151 933 1236 1006 haurd
1249 933 1419 1030 difficulter
1430 930 1535 1008 afferri
1550 935 1663 1036 potell.
1711 939 1785 1010 Pri·
1941 1021 1942 1028 χ

330 1049 332 1060 ⁴
433 1033 1784 1137 moerimrra-directioneniallampatieturmurarronan,·cu1nnulaesiepos·
1860 1031 1865 1043 ’
1941 1035 1942 1070 ³

434 1139 474 1216 fit
492 1146 592 1221 ratio,
637 1163 695 1212 cur
712 1145 747 1212 in
768 1165 866 1212 unam
887 1143 1111 1242 potiusquam
1133 1162 1251 1210 omues
1271 1137 1346 1211 aliar
1367 1136 1476 1239 plagas
1495 1139 1535 1209 ab
1555 1165 1591 1212 ea
1615 1137 1784 1233 delledlat3

435 1237 537 1341 aeq'ue
555 1237 669 1313 scilicet
687 1261 771 1314 certe
785 1237 1145 1335 eandem'diresllonem
1157 1233 1371 1324 conservabit,
1396 1265 1433 1310 ac
1447 1241 1606 1338 pundlum
1619 1237 1785 1342 quiescens

433 1345 598 1441 ipquiete
618 1337 838 1442 perseverabit,
895 1333 996 1426 Qu'od
1016 1361 1124 1412 autem
1140 1363 1241 1440 porro
1255 1338 1295 1427 ad
1309 1339 1502 1428 celeritatem
1509 1347 1645 1431 attinet,
1668 1339 1730 1422 nist
1745 1367 1783 1415 ea

433 1444 595 1542 perpetuo
608 1439 729 1532 ¹eadem
752 1459 914 1525 maneret,
953 1441 1003 1516 vel
1028 1446 1137 1540 augeri
1158 1437 1209 1512 vel
1233 1443 1337 1512 minui
1358 1433 1433 1514 esset
1451 1437 1603 1530 dicenda,
1637 1465 1784 1542 qnonrm

434 1549 590 1626 ueutmrn
611 1539 677 1616 stne
697 1539 884 1616 absurditate
902 1537 964 1614 diei
983 1541 1104 1642 patella
1135 1539 1199 1614 stre
1210 1549 1299 1613 enim
1313 1551 1483 1644 augeretur
1496 1539 1558 1615 five
1574 1547 1786 1632 mirmeretur,

311 1659 312 1664 ’
431 1642 469 1726 id
482 1639 659 1718 secundum
671 1663 789 1718 certam
807 1643 914 1744 legem
929 1638 998 1716 fieri
1011 1643 1157 1731 deberer3
1181 1643 1283 1744 qualis
1296 1662 1403 1714 autem
1418 1646 1497 1714 haec
1514 1640 1620 1716 sunna
1632 1639 1709 1718 esl‘er
1722 1643 1784 1733 lex,

427 1743 529 1838 *paullo
550 1743 652 1818 modo
672 1751 799 1844 concipi
820 1737 940 1842 pollet,
970 1767 1047 1816 cum
1070 1742 1150 1830 nulli
1171 1761 1254 1816 certe
1272 1768 1348 1842 prae
1368 1741 1493 1842 reliquis
1516 1764 1599 1816 tanta
1614 1769 1782 1845 praeroga·

434 1848 498 1934 tiro
518 1849 715 1920 conveniret.
764 1843 891 1920 Deinde
912 1842 936 1916 st
954 1849 1028 1948 quis
1043 1840 1127 1916 forte
1142 1841 1242 1928 dicat,
1266 1843 1458 1916 celeritatem
1472 1850 1506 1920 in
1519 1850 1640 1918 ratione
1653 1867 1784 1946 tempo·

434 1969 513 2021 rum
533 1940 691 2036 dimimri5
723 1956 792 2020 reni
813 1943 961 2018 nondum
981 1941 1146 2034 definiret,
1175 1942 1387 2018 determinare
1400 1950 1489 2018 enim
1503 1943 1631 2046 insuper
1644 1943 1783 2032 deberet,

302 2054 307 2063 '
433 2065 553 2146 quarata
570 2043 736 2120 celeritatis
757 2072 827 2148 pars
848 2051 963 2145 quovis
982 2065 1131 2146 tempore
1152 2037 1310 2128 interiret,
1345 2051 1378 2116 in
1397 2071 1464 2144 quo
1481 2045 1630 2145 quicquid
1648 2043 1783 2144 alligor·

298 2147 306 2153 ’
412 2145 533 2232 uerit,
565 2171 641 2218 corn
664 2146 750 2218 nulla
772 2154 895 2218 ratione
915 2143 1078 2227 fulciatur,
1116 2145 1211 2218 nullo
1232 2144 1335 2217 modo
1355 2145 1613 2247 admittipotell3
1642 2144 1674 2217 id
1689 2143 1815 2246 quod¹
1941 2193 1942 2204 κ

433 2251 533 2332 ‚etiam
552 2243 594 2315 de
612 2269 805 2344 quacunque
825 2245 884 2318 alia
905 2243 978 2345 lege
1000 2244 1127 2322 valebit.
1184 2246 1275 2318 Nihil
1294 2244 1379 2318 aliud
1398 2272 1478 2347 ergo
1491 2249 1696 2348 relinquitur,
1721 2241 1782 2318 nisr
1941 2297 1942 2314 t

431 2341 681 2526 ἓίιηῖἑῗξιιαιηυε,
711 2345 909 2424 celeritatem
929 2371 1060 2450 quoque
1078 2368 1237 2452 perpetuo
1256 2345 1394 2425 eaodem
1413 2347 1725 2452 manereaperinde
1744 2371 1789 2450 aa
1831 2393 1833 2400 ,
1941 2341 1942 2426 l

533 2468 656 2526 taneto.
932 2467 935 2472 ·
988 2479 993 2487 ¹
1611 2492 1623 2498 -=

1348 2609 1363 2642 f

795 2721 1422 2810 Expntcnrtm
1490 2715 1513 2744 ⁸

433 2953 437 2960 ⁵
538 2869 597 2956 87.
622 2859 722 2962 Huic}
732 2863 904 2944 axiomati,
935 2887 1037 2962 aeque
1058 2889 1095 2936 ac
1114 2861 1330 2964 praecedenti,
1366 2867 1481 2964 opinio
1501 2880 1618 2938 eormn
1634 2857 1802 2962 Philosm·

431 2955 793 3128 phorurnpdversatur,
822 2967 879 3060 qui
899 2959 1055 3048 flatuum,
1080 2969 1192 3037 omnis
1206 2991 1342 3064 corpora
1354 2961 1539 3064 usquedum
1554 2967 1677 3038 occubat
1695 2990 1783 3066 prae·

458 3059 498 3128 ‘ta
518 3054 599 3142 effe,
633 3059 749 3132 ilatum
767 3056 859 3134 suum
879 3083 988 3135 mmm
1002 3063 1052 3136 vel
1093 3071 1185 3138 uictis
1201 3073 1358 3138 continno
1372 3065 1537 3140 mutandi:
1560 3093 1643 3167 quae
1656 3072 1784 3166 opinio,

432 3157 516 3228 arilli
533 3165 654 3247 rationi
671 3165 802 3248 innixa,
816 3157 970 3238 'funditus
984 3189 1027 3237 eo
1038 3091 1107 3264 ipso
1120 3172 1287 3257 evertitur,
1312 3164 1400 3267 quod
1412 3171 1566 3246 axiomati
1578 3168 1785 3248 contradicat,

432 3255 559 3331 Verum
585 3263 652 3336 boe
678 3267 807 3334 axioma
826 3255 941 3362 ¹primo
969 3270 1086 3337 intuitu
1113 3273 1324 3367 experientiae
1350 3275 1546 3350 contrariom
1569 3259 1675 3340 videri
1690 3262 1782 3354 soler,

430 3367 510 3432 'curn
528 3366 562 3432 in
582 3363 734 3436 omnibus
755 3370 981 3463 experimentis
1002 3363 1227 3452 observemus,
1264 3387 1396 3444 motum
1418 3365 1613 3466 pedetentim
1633 3365 1783 3440 retardati

358 3495 360 3502 .
432 3467 470 3540 a‘c
491 3455 620 3535 tandem
631 3469 768 3635 ¹penitus
787 3471 947 3564 extingui,
981 3473 1022 3538 ira
1038 3488 1125 3544 utex
1142 3465 1310 3542 lrocsonte
1324 3491 1433 3542 morus
1446 3490 1617 3570 perpetuus
1632 3489 1782 3570 negetur,
1817 3461 1821 3466 ⁵

432 3557 513 3634 dum
533 3569 563 3634 vi
583 3589 629 3636 no
657 3570 682 3636 ri
703 3571 872 3645 axiomatis
892 3573 1002 3640 omnis
1024 3587 1135 3642 motus
1154 3589 1325 3669 perpetuus
1341 3565 1403 3643 esse
1419 3571 1557 3648 deberet.
1606 3573 1731 3644 Vemm
1746 3575 1784 3646 itt

301 3693 308 3707 ¹
420 3661 483 3736 'bia
503 3661 576 3762 ipsis
597 3671 823 3769 expepimentis
842 3663 931 3738 causa
956 3667 1175 3742 retardationis
1201 3667 1374 3744 rrnrtifeslo
1396 3669 1662 3772 deprehenditur,
1704 3695 1783 3749 cnm

422 3763 467 3858 ¹in
486 3753 634 3838 frttnone
653 3787 724 3838 tum
746 3774 778 3840 in
799 3765 975 3846 resrsseoria
988 3775 1067 3842 aeris
1084 3770 1216 3872 aliisque
1230 3793 1339 3846 numus
1354 3771 1541 3858 obslaculis,
1566 3798 1648 3871 quae
1661 3798 1784 3873 nequa·

430 3885 531 3960 quam
552 3871 676 3961 penitus
695 3867 808 3942 tollere
825 3868 910 3942 licet.
969 3871 1066 3966 Qas
1086 3871 1337 3948 circurnsl‘antias
1358 3869 1383 3944 st
1404 3873 1505 3972 probe
1527 3871 1782 3974 perpendamus,

431 3985 472 4034 ex
492 3965 540 4036 bis
554 3962 634 4062 ipfis
655 3975 881 4066 experimentis
906 3966 1100 4052 concludere
1123 3971 1296 4061 debemus,
1344 3972 1499 4046 fiomnia
1521 3977 1601 4047 haec
1620 3971 1782 4054 obstacula

431 4057 588 4150 abessent,
619 4087 748 4153 motum
768 4095 874 4144 revera
895 4091 1060 4170 perpetuo¹
1072 4071 1135 4148 elle
1154 4073 1354 4149 duraturum.
1409 4077 1519 4170 Quare
1538 4099 1616 4148 cunr
1636 4081 1670 4148 in
1688 4083 1784 4149 axio·

430 4183 518 4236 mate
538 4171 651 4238 omma
672 4165 832 4244 obstacula
851 4168 992 4271 expresse
1012 4170 1080 4246 fint.
1093 4198 1237 4259 remota,
1267 4167 1390 4249 tsnrorn
1404 4173 1509 4258 abest,
1540 4179 1666 4252 urlraec
1680 4201 1782 4278 expe·

429 4265 566 4342 rirneata
585 4273 615 4343 ei
633 4263 851 4362 adversentur,
879 4291 915 4346 nt
925 4278 1034 4380 potius
1046 4281 1112 4372 ejus
1125 4286 1291 4354 veritatem
1305 4271 1437 4354 seufibili
1451 4268 1646 4381 argumenlo
1659 4276 1782 4353 confir-

567 4387 575 4402 *
1080 4419 1082 4424 ,
1587 4379 1596 4404 “’
1672 4401 1779 4462 ment,
1872 4419 1877 4448 ι
