3898 4990
548 307 553 316 '
609 351 1035 448 naamam.

146 549 254 634 ratio
270 575 343 664 per
362 547 592 639 universam
616 551 901 641 lllechanicam
924 551 1108 642 latissime
1130 575 1243 672 patet
1258 589 1269 657 ς
1287 663 1293 674 Ι
1313 559 1369 674 ita
1392 587 1498 660 axes
1539 645 1541 656 ,

149 697 414 813 principales,
442 703 513 812 qui
525 698 641 786 simul
657 697 745 788 sunt
761 727 867 788 axes
881 704 1110 819 gyrationis
1123 691 1258 811 liberi,
1287 707 1328 789 iu
1345 712 1501 818 quovis

147 871 323 960 corpore
337 875 420 942 non
436 851 572 934 minus
588 845 676 936 sunt
696 868 841 936 notatu
864 847 995 962 digni,
1026 869 1124 936 cum
1146 851 1194 938 iis
1215 849 1400 956 universa
1421 851 1507 942 do·
1625 871 1629 877 ’

144 989 274 1078 slrina
290 993 342 1080 de
357 1015 473 1079 motu
489 1019 710 1110 corporum
725 994 853 1083 libero
875 983 1085 1086 innitatur.
1138 995 1286 1086 Trium
1306 1025 1496 1086 momen·

25 1209 26 1226 i
142 1157 283 1226 torum
299 1143 467 1228 inertiae
482 1115 681 1257 corporis,
701 1127 910 1258 quaesunt
923 1146 1111 1254 maxima
1128 1143 1197 1234 vel
1212 1143 1493 1251 minima,duo

25 1343 26 1384 ;
140 1285 222 1373 else
235 1287 393 1402 possunt
408 1287 615 1404 aequalia,
642 1266 922 1406 qbodaccidit
937 1293 979 1376 in
996 1293 1189 1378 omnibus
1205 1288 1336 1378 solidis
1353 1313 1492 1382 torna-

138 1437 191 1520 tis
209 1433 488 1552 homogeneis,
500 1441 598 1554 quin
613 1435 700 1526 fieri
714 1435 859 1554 potest,
887 1457 934 1524 ut
949 1440 1089 1525 omnia
1105 1437 1179 1526 sint
1192 1437 1492 1554 aequaliquel·

136 1585 199 1667 uti
217 1583 259 1666 in
274 1579 451 1698 sphaera.
508 1581 556 1670 Si
575 1607 789 1672 momenta
807 1587 979 1672 inertiae
999 1583 1179 1702 respeslu
1201 1584 1492 1677 duorumaxi·

135 1757 212 1815 um
227 1711 513 1846 principalium
527 1725 615 1815 sunt
626 1731 828 1846 aequalia,
842 1729 1022 1848 respeslu
1036 1731 1292 1848 reliquorum
1301 1727 1490 1824 omnium

133 1877 177 1962 in
192 1875 321 1990 plano
334 1875 563 1976 eorundem
586 1881 731 1964 axium
748 1875 984 1991 aequalium
1004 1878 1174 1964 litorum
1196 1900 1409 1978 momenta
1429 1884 1489 1968 in·
1510 1895 1513 1906 '

131 2018 371 2125 ertiaesuqt
386 2005 584 2136 aequalia.
644 2022 709 2110 Ac
724 2025 765 2108 in
780 1999 955 2134 corpore
970 2023 1089 2135 cujus
1106 2026 1185 2110 tria
1200 2019 1414 2111 momenta
1429 2029 1489 2114 in-

133 2169 270 2254 ertiae
287 2165 524 2284 principalia
545 2165 633 2254 sunt
654 2168 861 2282 aequalia,
904 2167 1064 2282 reliqua
1083 2171 1225 2286 omnia
1244 2193 1489 2285 aequantur.

132 2313 283 2405 Prouti
297 2319 421 2432 igitur
434 2315 598 2402 duobus
615 2312 682 2404 vel
697 2307 827 2402 tribus
841 2315 992 2404 axibus
1007 2303 1299 2432 principalibus
1320 2303 1487 2432 paribus
1555 2323 1563 2336 ¹
1588 2373 1595 2384 ·

40 2455 44 2462 “
134 2463 325 2582 praedita
343 2463 420 2550 sint
438 2491 635 2580 corpora,
655 2461 725 2554 vel
739 2464 870 2552 tribus
886 2463 1037 2550 axibus
1052 2459 1343 2580 principalibus
1355 2462 1484 2582 dispa-
1646 2509 1649 2515 ¹

135 2615 250 2700 ribus
271 2611 507 2728 gaudeant3¹
532 2610 671 2728 quoad
694 2611 972 2726 cognitionem
992 2608 1276 2696 mechanicam
1298 2615 1485 2702 maxime
1607 2591 1610 2596 ⁵

137 2781 284 2848 notatu
300 2760 423 2875 digna
436 2763 542 2846 inter
555 2757 702 2846 eadem
716 2756 931 2857 intercedit
950 2757 1191 2872 differentia.
1254 2755 1364 2846 Cum
1379 2757 1483 2848 uero
1596 2741 1626 2814 ‘.
1675 2759 1683 2768 ’

135 2907 318 3023 quodvis
332 2933 484 3024 corpus
496 2909 626 3016 tribus
643 2905 697 2992 ad
713 2907 930 2993 minimum
944 2903 1096 2990 axibus
1110 2904 1401 3020 principalibus
1417 2903 1484 2992 seu
1570 2907 1574 2926 '
1620 2980 1625 3001 ,

133 3054 280 3144 liberis·
290 3057 336 3142 fit
351 3054 601 3173 praeditum
632 3047 758 3140 omne
777 3079 929 3172 corpus
942 3077 1110 3168 quoque
1124 3045 1328 3166 ejusmodi
1342 3073 1482 3142 motus

20 3235 21 3248 ¹
137 3205 190 3291 est
210 3200 372 3320 capax,
401 3205 445 3292 ui
460 3203 580 3313 cujus
603 3204 714 3287 circa
733 3199 858 3288 talem
878 3227 1006 3288 axem
1027 3197 1200 3295 liberum
1220 3199 1482 3288 ¹uniformiter

20 3333 21 3342 i
137 3373 320 3470 gyratur,
348 3349 572 3467 etquidem
587 3347 655 3437 vel
671 3352 779 3435 circa
793 3377 921 3436 axem
938 3346 1224 3464 quiescentem,
1245 3347 1482 3436 ficentrum

137 3505 306 3588 inertiae
319 3501 504 3614 corporis
520 3493 709 3613 quiescat,
738 3495 806 3585 vel
819 3497 927 3590 circa
946 3523 1074 3590 axem
1094 3517 1210 3582 motu
1232 3493 1303 3582 libi
1322 3493 1478 3610 semper

138 3643 332 3765 parallelo
343 3645 601 3734 uniformiter
612 3647 655 3730 in
671 3641 870 3736 direslum
885 3641 1236 3758 progredientem,
1256 3644 1326 3756 qui
1338 3664 1477 3728 motus
1596 3713 1598 3720 ,

20 3811 22 3900 ,
137 3817 224 3884 tum
237 3793 386 3886 mixtur
401 3793 458 3881 est
479 3821 537 3881 ex
557 3790 813 3910 progressiva
834 3811 877 3878 et
897 3787 1065 3905 simplici
1084 3791 1304 3904 gyratorio.
1362 3787 1477 3877 Aosr

20 3907 21 3920 i
138 3967 347 4058 praeterea
359 3969 511 4059 corpus
527 3943 580 4028 ab
595 3939 801 4053 ejusmodi
815 3939 970 4029 viribus
988 3933 1239 4042 sollicitetur,
1281 3965 1389 4051 quae
1409 3938 1476 4025 vel

20 4159 21 4176 ,
139 4093 206 4206 ipsi
218 4115 362 4178 centro
381 4095 550 4178 inertiae
571 4089 647 4176 fint
665 4085 912 4203 applicatae,
948 4083 1016 4174 vel
1035 4111 1212 4199 quarum
1232 4081 1476 4170 direcliones
1589 4129 1594 4134 -

20 4251 21 4258 ‘
140 4241 356 4327 cadunt'in
377 4239 543 4357 planum
565 4235 620 4324 ad
642 4263 769 4323 axem
797 4231 984 4320 normale
1006 4259 1079 4348 per
1098 4252 1285 4326 centrum
1304 4233 1476 4318 inertiae

847 4473 851 4478 ,
885 4407 909 4466 c
1292 4373 1474 4482 duslum,
1534 4377 1559 4390 “
