3898 4990
949 407 1366 504 PRAEFATIO.

361 711 365 720 ,
482 615 662 735 relpellu
678 609 789 730 spatii
803 606 983 696 absoluti.
1041 603 1140 697 Non
1156 611 1337 696 minores
1353 611 1394 694 in
1411 607 1490 695 boo
1512 615 1680 728 negotio
1700 643 1830 734 expe-

484 765 651 872 diendo,
668 792 718 848 ac
732 781 840 864 aute,
862 778 1087 842 occurrunt
1100 751 1372 866 difficultates,
1379 785 1484 844 oum
1500 785 1566 846 res
1582 759 1635 846 ad
1650 764 1832 875 ejusmo-

486 915 529 1002 di
549 912 818 1026 aequationes
833 898 1122 988 differentiales
1136 902 1370 1011 reducatur,
1385 933 1493 1020 quae
1508 935 1591 992 non
1606 905 1833 996 solum'noo

485 1059 700 1172 integrari,
729 1051 794 1138 led
809 1081 861 1136 ne
876 1051 929 1136 ad
943 1047 1279 1164 separabilitatem
1300 1049 1469 1166 quidem
1490 1053 1748 1142 variabilium
1768 1085 1834 1142 re-

469 1195 764 1319 'voca'ripolle
779 1197 1141 1315 iploEunenoab
1156 1201 1272 1284 initio
1289 1195 1596 1326 vilasuntunde
1611 1201 1836 1318 hujuspro·
1896 1177 1902 1186 ι

485 1353 675 1444 blematis
689 1343 1027 1458 solutionem'inl.
1041 1352 1127 1454 761.
1141 1343 1193 1431 ad
1212 1343 1334 1432 linem
1348 1345 1574 1461 perducere
1590 1378 1673 1436 non
1688 1355 1836 1464 potuit.

381 1473 385 1478 Ι
485 1499 633 1594 Poliea
646 1525 749 1586 vero
764 1494 935 1580 artificia
949 1491 1447 1607 invenitingeniolrffima,
1476 1525 1654 1612 quorum
1669 1525 1750 1616 ope
1765 1499 1835 1586 ba·

321 1625 325 1634 ¹
485 1677 579 1736 tum
594 1645 886 1759 aequationum
900 1643 1117 1755 integratio
1138 1639 1293 1730 absolvi
1307 1665 1487 1759 poterat,
1515 1673 1647 1760 eaque
1667 1649 1710 1731 in
1724 1643 1835 1764 Sup-

348 1764 353 1772 ⁰
486 1795 698 1914 plemento
716 1794 758 1877 in
773 1787 854 1876 line
868 1785 1030 1902 adjello
1042 1789 1250 1904 explicata
1267 1782 1468 1906 leguntur.

599 1937 810 2056 Expontis
826 1935 900 2046 fic,
923 1963 1032 2052 quae
1049 1934 1101 2022 ad
1125 1959 1290 2026 motum
1305 1967 1528 2052 corporum
1543 1937 1768 2056 rigidorum
1788 1939 1833 2028 li·
1940 1967 1942 1972 ·

486 2095 653 2194 berum,
667 2087 838 2173 remotis
854 2087 1011 2170 viribus
1027 2090 1226 2193 externis,
1242 2090 1456 2200 pertinent,
1473 2087 1578 2172 ordo
1593 2085 1834 2200 postulabat,
1864 2077 1870 2106 ‘

439 2215 454 2246 ‘
485 2259 534 2324 ut
547 2235 745 2350 principia
753 2229 868 2343 supra
881 2225 1054 2312 stabilita
1064 2225 1117 2311 ad
1129 2255 1202 2312 eos
1214 2255 1381 2348 quoque
1393 2229 1506 2314 casus
1518 2227 1834 2346 applicarentur,

488 2383 645 2498 quibus¹
657 2379 767 2469 vires
791 2393 992 2460 externae
1013 2353 1166 2483 eorpus
1185 2369 1440 2462 sollicitantes
1455 2378 1545 2489 ejus
1560 2397 1722 2464 motum
1738 2407 1832 2494 per·

487 2529 663 2618 turbant.
734 2521 878 2612 Primo
900 2523 1039 2644 itaque
1061 2519 1318 2608 mallandum
1340 2521 1463 2638 elegit
1485 2552 1591 2612 can.
1623 2551 1834 2615 nucron

485 2677 690 2766 theoriam
703 2673 925 2778 turbinum,
954 2669 1073 2781 cujus
1087 2665 1311 2793 explicatio
1323 2671 1380 2798 ob
1395 2675 1635 2760 continuam
1648 2678 1743 2762 axis
1758 2679 1834 2790 gy·

380 2891 383 2897 ·
485 2825 658 2916 rationis
671 2822 945 2910 variationem
966 2813 1101 2902 adhuc
1121 2819 1319 2906 maximis
1340 2820 1518 2906 tenebris
1537 2819 1614 2908 luit
1633 2820 1834 2909 involuta.

487 2969 618 3084 Quod
631 2985 920 3084 argumentum
932 2983 979 3050 ut
992 2967 1140 3050 initioa
1153 2963 1725 3078 gravioribus'difficultatibus
1737 2968 1834 3056 libe·

488 3140 615 3224 retur,
644 3119 740 3202 axis
754 3113 926 3200 turbinis
939 3107 1055 3226 lupar
1070 3109 1193 3227 plano
1208 3111 1454 3199 horizontali
1473 3111 1830 3229 politill'nnoince-

487 3266 587 3354 dete
601 3261 821 3368 aluntur,
850 3288 903 3346 ne
915 3258 1090 3346 fortiori
1102 3257 1211 3346 ullus
1225 3258 1342 3347 locus
1359 3258 1626 3376 relinquatur,
1654 3285 1743 3350 tum
1755 3293 1831 3353 ve·
1932 3367 1933 3384 ἶ

485 3441 536 3538 ro
550 3415 644 3499 axis
659 3409 763 3496 infra
777 3412 819 3494 in
833 3404 1039 3532 cuspidem
1053 3405 1239 3494 defluens
1254 3405 1467 3520 statuitur„
1480 3439 1563 3526 qua
1579 3407 1695 3526 super
1707 3409 1832 3527 plano

200 3609 208 3644 t
486 3553 733 3650 horizontali
764 3553 1037 3672 ingrediatur:
1102 3551 1295 3671 Cumque
1324 3554 1409 3642 duo
1437 3585 1590 3672 genera
1619 3538 1833 3647 turbinum
1930 3539 1931 3589 l

487 3703 768 3796 constituenda
790 3704 886 3814 fint,
921 3721 1045 3818 prout
1063 3701 1131 3794 vel
1154 3706 1293 3790 omnia
1316 3706 1405 3818 ejus
1427 3729 1637 3800 momenta
1658 3709 1831 3794 inertiae
1917 3749 1928 3885 -ι

483 3851 888 3972 'principaliafuerint
902 3853 1008 3936 inter
1024 3847 1062 3935 le
1076 3849 1275 3972 aequalia,
1297 3849 1364 3940 vel
1380 3849 1463 3936 duo
1477 3851 1702 3955 duntaxat;
1730 3855 1832 3942 illud
1924 3901 1927 3985 λ

488 4027 620 4118 genus
632 4003 766 4116 primo
781 3997 875 4085 loco
884 3997 1114 4114 Capxlv.
1124 3995 1282 4086 calculo
1296 3995 1511 4110 subjicitur.
1568 3999 1832 4090 inventam*
1907 3993 1926 4018 '¹

485 4177 570 4268 que
584 4150 795 4263 primouia
813 4167 994 4232 acentro
1005 4146 1179 4264 inertiae
1197 4145 1369 4232 turbinis
1388 4143 1605 4262 descripta,
1634 4149 1830 4236 detenni-
1922 4169 1923 4172 ‘

486 4289 1312 4412 uataialupersecundumprincipiasupra
1326 4287 1832 4399 stabilitavariationemo-
1916 4295 1923 4384 l

1664 4465 1827 4532 menta·
