3898 4990
786 463 789 472 ,
897 319 1314 464 PRAEFATIO.

439 561 620 668 dudum,
638 557 733 644 istae
747 555 858 642 vires
873 551 941 642 vel
955 553 1083 642 solum
1098 534 1259 644 motum
1276 558 1570 674 progressuum
1585 561 1653 652 vel
1668 562 1783 650 limul

435 709 692 828 gyratorium
709 703 944 810 turbabunt,
975 705 1029 789 ita
1043 723 1197 815 tamen,
1226 728 1271 792 ut
1286 709 1379 792 axis
1394 707 1513 794 situm
1530 709 1602 795 fibi
1616 710 1786 826 paralle-

221 931 226 940 .
288 904 336 965 .'
435 858 523 944 lum
553 871 754 968 perpetuo
778 847 919 944 servet.
976 847 1181 965 Reliquae
1208 855 1317 940 vires
1342 831 1488 940 omnes'
1512 885 1645 944 axeos
1668 855 1786 942 saturn

435 999 553 1090 fimul
569 999 812 1102 turbabunt,
827 1016 951 1124 atque
966 995 1030 1082 hic
1045 997 1102 1083 est
1115 995 1243 1105 casus,
1263 1026 1348 1113 quo
1364 1001 1788 1114 principialllecbani-

437 1177 512 1236 cae
527 1147 607 1233 hue
621 1141 744 1260 usque
759 1145 923 1256 cognita
938 1141 1048 1230 baud
1065 1173 1181 1232 erant
1194 1144 1428 1256 sufficientia
1445 1146 1497 1232 ad
1514 1151 1717 1234 continua.
1728 1150 1790 1234 io·
1827 1208 1831 1216 =
1886 1193 1897 1204 ·

436 1323 536 1386 nem
549 1315 689 1380 motus
704 1289 1076 1384 determinandum.
1125 1291 1214 1377 lam
1234 1296 1374 1407 itaque
1399 1319 1550 1382 cuna.
1566 1319 1790 1384 Aucroa.

364 1422 368 1432 ,
437 1441 542 1556 Cap.
552 1439 627 1529 lX·
642 1461 682 1525 et
695 1435 752 1529 X.
761 1435 974 1553 problema
990 1437 1043 1522 de
1057 1442 1241 1554 corporis
1263 1437 1380 1553 rigidi
1398 1468 1423 1524 a
1444 1442 1602 1528 viribus
1621 1445 1793 1558 quibus-

439 1615 605 1703 cunque
620 1583 817 1672 sollicitati
829 1605 948 1670 motu
964 1588 1194 1697 generatim
1209 1584 1524 1672 determinando
1537 1587 1787 1702 adgreditur,

437 1737 510 1822 ubi
531 1731 697 1848 quidem
720 1734 855 1846 primo
876 1729 978 1844 Cap.
995 1727 1072 1822 IX.
1095 1759 1247 1847 ,corpus
1265 1732 1444 1847 rigidum
1467 1736 1509 1818 in
1529 1737 1667 1850 quiete
1690 1724 1787 1832 con·

436 1881 662 1990 fiderat,'et
677 1877 776 1964 dum
792 1907 817 1964 a
831 1879 987 1967 viribus
1002 1878 1318 1996 quibuscunque
1334 1877 1580 1988 sollicitatur,
1610 1885 1785 1997 primam

285 2059 294 2064 ·
435 2047 576 2121 mutus
590 2029 899 2142 generationem
913 2025 1156 2138 investigare
1176 2049 1369 2112 conatur:
1399 2027 1547 2114 deinde
1567 2058 1669 2116 vero
1682 2027 1788 2148 Cap.

436 2177 496 2270 X.
511 2205 609 2262 eum
623 2172 852 2257 confiderat
867 2168 1004 2256 casum
1019 2173 1206 2254 omnium
1219 2167 1515 2276 difficillimum,
1563 2197 1784 2286 uocorpus

319 2350 336 2440 j
435 2325 523 2435 jam
538 2323 579 2404 in
594 2335 711 2428 naotu
727 2312 927 2423 versatur,
961 2343 1010 2400 ac
1032 2315 1140 2399 circa
1162 2342 1289 2400 axem
1313 2343 1387 2430 per
1407 2337 1595 2402 centrum
1614 2319 1785 2404 inertiae

435 2463 713 2554 transeuntem
729 2481 920 2576 gyratur,
944 2465 1015 2576 qui
1036 2489 1137 2549 vero
1151 2491 1176 2550 a
1189 2463 1345 2551 viribus
1359 2457 1662 2551 sollicitantibus
1682 2490 1783 2553 con·

331 2585 335 2592 ⁵
435 2617 555 2704 tinuo
568 2583 763 2702 variatur.
822 2607 1153 2696 Ratiociniorum
1166 2627 1339 2719 nexum,
1366 2611 1516 2724 quibus
1530 2639 1679 2700 canu.
1694 2637 1784 2702 Au·

438 2789 574 2850 oron
596 2763 638 2846 in
658 2753 901 2848 evolvendis
920 2753 1025 2842 hisce
1048 2755 1352 2872 quaestionibus
1372 2725 1464 2844 usus
1487 2757 1557 2868 est,
1586 2743 1781 2850 brevibua

436 2905 668 2995 recensebo.

436 3065 442 3154 ξ
550 3042 835 3180 Quotcunque
849 3052 1001 3145 suerint
1014 3055 1126 3144 vires
1141 3081 1291 3171 corpus
1313 3053 1490 3170 rigidum
1510 3051 1782 3168 sollicitantes,

403 3281 406 3284 .
439 3221 481 3292 et
494 3201 871 3319 quomodocunque
885 3202 1038 3288 suerint
1058 3201 1304 3318 applicatae,
1333 3211 1407 3291 eae'
1428 3201 1584 3319 semper
1603 3193 1655 3290 ad
1676 3201 1780 3290 duas

438 3348 822 3467 revocaripollunt,
849 3335 1027 3465 quarum
1041 3347 1167 3436 altera
1181 3377 1254 3465 per
1266 3349 1395 3466 ipsum
1410 3374 1598 3437 centrum
1612 3353 1781 3460 inertiae

438 3501 625 3613 corporis
641 3497 824 3592 transeat.
882 3496 956 3586 Ast
978 3525 1078 3618 vero
1100 3495 1334 3610 ficognitus
1353 3493 1476 3582 fuerit
1494 3495 1665 3586 effesius
1678 3469 1780 3584 dua·
1878 3491 1880 3494 ’

436 3671 535 3732 rum
546 3647 696 3733 virium
711 3642 881 3758 jundlim
894 3647 1104 3759 agentium
1123 3645 1167 3728 in
1187 3661 1305 3729 motu
1319 3643 1576 3757 generando,
1604 3671 1782 3760 quarum

438 3789 566 3877 altera
581 3792 651 3907 ipsi
671 3813 815 3878 centro
830 3794 1000 3878 inertiae
1015 3790 1071 3912 eli
1090 3789 1313 3908 applicata,
1343 3789 1509 3878 alterius
1526 3793 1652 3880 etiam
1673 3789 1780 3878 seor·

420 3910 510 4022 'sim
524 3943 680 4050 agentis
699 3938 875 4031 effedlusl
897 3935 1118 4027 innotescit.
1181 3937 1341 4048 Quodsi
1362 3941 1501 4054 itaque
1520 3937 1702 4052 quaestio
1722 3939 1781 4027 est
1828 3925 1834 3929 ’

438 4082 491 4169 de
506 4085 638 4199 prima
652 4107 790 4172 motus
803 4091 1067 4200 generatione
1082 4085 1412 4192 determinanda,
1442 4082 1609 4199 quando
1629 4115 1782 4203 corpus

434 4229 612 4348 rigidum
625 4228 833 4349 quiescens
846 4253 889 4320 et
908 4231 1083 4326 liberum
1097 4264 1123 4324 a
1139 4233 1296 4326 viribus
1311 4234 1627 4366 quibuscunque
1640 4233 1781 4324 sollici·

1654 4401 1778 4494 tatur,
